@STRING{ccs = {Proceedings of the {ACM} Conference on Computer and
                  Communications Security}}
@STRING{oakland = {Proceedings of the {IEEE} Symposium on Security and Privacy}}
@STRING{usenixsec = {Proceedings of the {USENIX} Security Symposium}}
@STRING{raid = {Proceedings of the International Symposium on Recent
                  Advances in Intrusion Detection}}
@STRING{ndss = {Proceedings of the Network and Distributed 
		System Security Symposium}}
@STRING{csf = {Proceedings of the {IEEE} Computer Security Foundations
                  Symposium}}
@STRING{dimva = {Proceedings of the {IEEE} Conference on Detection of
                  Intrusions, Malware, and Vulnerability Assessment}}
@STRING{worm = {Proceedings of the {ACM} Workshop on Rapid Malcode}}
@STRING{pldi = {Proceedings of the {ACM} Conference on Programming
                  Language Design and Implementation}}
@STRING{popl = {Proceedings of the Symposium on Principles of
                  Programming Languages}}
@STRING{asplos = {Proceedings of the International Conference on
                  Architectural  Support for Programming Languages and
                  Operating Systems}}
@STRING{paste = {Proceedings of the {ACM} Workshop on Program Analysis
                  for Software Tools and Engineering}}
@STRING{osdi = {Proceedings of the {USENIX} Symposium on Operating
                  System Design and Implementation}}
@STRING{sosp = {Proceedings of the {ACM} Symposium on Operating System
                  Principles}}
@STRING{sigcomm = {Proceedings of the {ACM} Special Interest Group on
                  Data Communication}}
@STRING{infocom = {Proceedings of the {IEEE} Conference on Computer
                  Communications}}
@STRING{hotnets = {Proceedings of the {ACM} Workshop on Hot Topics in
                  Networks}}
@STRING{usenixtech = {Proceedings of the {USENIX} Annual Technical
                  Conference}}
@STRING{cacm = {Communications of the Association for Computing Machinery}}
@STRING{cmutr = {Carnegie Mellon University School of Computer Science}}
@STRING{ccc = {Proceedings of the International Conference on Compiler Construction}}
@STRING{jhpca = {Journal of High Performance Computing Applications}}
@STRING{esop = {European Symposium on Programming}}
@STRING{crypto = {CRYPTO}}
@STRING{icics = {Proceedings of the International Conference on
Information and Communications Security}}
@STRING{issta = {International Symposium on Software Testing and Analysis}}
@STRING{tdsc = {{IEEE} Transactions on Dependable and Secure Computing}}
@STRING{virology = {Journal in Computer Virology}}

@inproceedings{abadi:2005,
	author = {Martin Abadi and Mihai Budiu and Ulfar Erlingsson and Jay Ligatti},
	title = {Control-flow integrity},
	booktitle = ccs,
	year = 2005,
	isbn = {1-59593-226-7},
	pages = {340--353},
	location = {Alexandria, VA, USA},
	doi = {http://doi.acm.org/10.1145/1102120.1102165},
	publisher = {ACM Press},
	address = {New York, NY, USA}
}

@book{aho:1986,
	author = {Alfred Aho and Ravi Sethi and Jeffrey Ullman},
	title = {Compilers: Principles, Techniques, and Tools},
	year = {1986},
	publisher = {Addison-Wesley Publishing Company}
}

@book{aho:2007,
	author = {Alfred Aho and Monica Lam and Ravi Sethi and Jeffrey Ullman},
	title = {Compilers: Principles, Techniques, and Tools},
	edition = {2nd},
	publisher = {Addison-Wesley Publishing Company},
	year = {2007}
}

@manual{amd:amd64,
	title = {{AMD64} Architecture Programmer's Manual, Volume 1-5},
	edition = {3.14},
	organization = {Advanced Micro Devices ({AMD})},
	month = sep,
	year = {2007},
	url = {http://www.amd.com/us-en/Processors/DevelopWithAMD/0,,30_2252_875_7044,00.html}
}

@book{appel:1998,
	author = {Andrew Appel},
	title = {Modern Compiler Implementation in {ML}},
	year = {1998},
	publisher = {Cambridge University Press}
}

@manual{arm:armv4,
	title = {{ARM} Architecture Reference Manual},
	organization = {{ARM}},
	year = {2005},
	note = {Doc No. DDI-0100I},
	url = {http://www.arm.com/miscPDFs/14128.pdf}
}

@inproceedings{avijit:2004,
	author = {Kumar Avijit and Prateek Gupta and Deepak Gupta},
	title = {TIED, LibsafePlus: Tools for Runtime Buffer Overflow
                  Protection},
	booktitle = usenixsec,
	year = 2004,
	month = aug,
	added-by = {dawnsong},
	added-at = {Tue Aug 24 13:11:22 2004}
}

@inproceedings{baker:1999,
	author = {Brenda Baker and Udi Manber and Robert Muth},
	title = {Compressing Differences of Executable Code},
	year = {1999},
	note = {exediff tool},
	booktitle = {Proc. of the {ACM} {SIGPLAN} Workshop on Compiler
 Support for Systems Software}
}

@inproceedings{balakrishnan:2004,
	author = {G Balakrishnan and T Reps},
	title = {Analyzing memory accesses in x86 executables.},
	year = 2004,
	booktitle = {Proceedings of the International Conference on Compiler
 Construction},
	optpages = {5-23},
	optpublisher = {Springer-Verilag}
}

@inproceedings{balakrishnan:2005,
	author = {Gogul Balakrishnan and Radu Gruian and Thomas Reps and Tim Teitelbaum},
	title = {CodeSurfer/x86 - A Platform for Analyzing x86 Executables},
	booktitle = ccc,
	year = {2005},
	month = apr,
	url = {http://www.cs.wisc.edu/wpis/papers/cc05-tool-demo.pdf}
}

@phdthesis{balakrishnan:2007,
	timestamp = {Tue Jan 22 12:52:47 2008},
	author = {Gogul Balakrishnan},
	title = {{WYSINWYX:} {W}hat {Y}ou {S}ee {I}s {N}ot {W}hat {Y}ou e{X}ecute},
	school = {Computer Science Department, University of Wisconsin at Madison},
	year = {2007},
	month = aug,
	url = {http://pages.cs.wisc.edu/~bgogul/Research/index.html}
}

@inproceedings{ball:2001,
	title = "Automatic Predicate Abstraction of {C} Programs",
	author = "T. Ball and  R. Majumdar and  T. Millstein and  S. K. Rajamani",
	booktitle = pldi,
	year = "2001"
}

@inproceedings{barak:2001,
	timestamp = {Sun Aug 17 18:39:50 2008},
	author = {Boaz Barak and Oded Goldreich and Russell Impagliazzo and Steven Rudich and Amit Sahai and Salil Vadhan and Ke Yang},
	title = {On the (Im)possibility of Obfuscating Programs},
	pages = {1-18},
	year = {2001},
	booktitle = crypto
}

@inproceedings{baratloo:2000,
	author = {Arash Baratloo and Navjot Singh and Timothy Tsai},
	title = {Transparent Run-Time Defense Against Stack Smashing
 Attacks},
	year = {2000},
	booktitle = { {USENIX} Annual Technical Conference 2000},
	comment = {LibSafe Paper}
}

@inproceedings{barnett:2005,
	author = {Mike Barnett and K. Rustan M. Leino},
	title = {Weakest-Precondition of Unstructured Programs},
	year = {2005},
	booktitle = paste
}

@inproceedings{barrett:2004,
	author = {Clark Barrett and Sergey Berezin},
	title = {{CVC} {L}ite: A New Implementation of the Cooperating Validity
 Checker},
	editor = {Rajeev Alur and Doron A. Peled},
	booktitle = {Proceedings of the Conference on Computer Aided Verification},
	publisher = {Springer},
	series = {Lecture Notes in Computer Science},
	year = 2004
}

@article{bayer:2006,
	author = {Ulrich Bayer and Andreas Moser and Christopher Kruegel and
Engin Kirda},
	title = {Dynamic analysis of malicious code},
	year = {2006},
	volume = {2},
	pages = {66-77},
	number = {1},
	journal = virology
}

@inproceedings{bhatkar:2003,
	author = "Sandeep Bhatkar and Daniel C. DuVarney and R. Sekar",
	title = "Address Obfuscation: An Efficient Approach to Combat 
		a Broad Range of Memory Error Exploits",
	booktitle = usenixsec,
	month = aug,
	year = 2003
}

@article{blum:1992,
	author = {Avrim Blum},
	title = {Learning boolean functions in an infinite attribute space},
	journal = {Machine Learning},
	year = 1992,
	volume = 9,
	number = {373-386},
	added-by = {dawnsong},
	added-at = {Tue May  4 21:53:32 2004}
}

@article{boneh:2001,
	author = {Dan Boneh and Richard DeMillo and Richard Lipton},
	title = {On the importance of eliminiating errors in cryptographic
 computations},
	year = {2001},
	journal = {Journal of Cryptology},
	volume = {14},
	issue = {2},
	pages = {101-119}
}

@inproceedings{bosch:1997,
	title = {Complete x86 instruction trace generation from hardware bus
 collect},
	author = {P Bosch and A Carloganu and D Etiemble},
	year = {1997},
	booktitle = {23rd {IEEE} {EUROMICRO} Conference}
}

@inproceedings{bouajjani:1996,
	author = "A. Bouajjani and  O. Maler",
	title = "Reachability Analysis of Pushdown Automata",
	booktitle = "Proceedings of the  International Workshop on Verification of Infinite-State Systems",
	address = "Pisa (Italy)",
	year = "1996"
}

@inproceedings{bourdoncle:1993,
	author = "F. Bourdoncle",
	title = "Efficient Chaotic iteration strategies with widenings",
	booktitle = "Proceedings of the International Conference on Formal methods in Programming and their applications (LNCS 735)",
	year = "1993"
}

@inproceedings{boyapati:2002,
	timestamp = {Sun Feb 24 17:47:45 2008},
	author = {Chandrasekhar Boyapati and Sarfraz Khurshid and Darko Marinov},
	title = {Korat: Automated Testing Based on Java Predicates},
	booktitle = {{ACM} Internation Symposium on Software Testing and Analysis},
	year = {2002},
	month = jul,
	pages = {123--133}
}

@article{brumley:2001,
	author = {David Brumley},
	title = {A crash course in managing security},
	journal = {;login},
	year = {2001},
	volume = {26},
	number = {7},
	pages = {76-82},
	url = {http://www.cs.cmu.edu/~dbrumley/pubs/crash-course-01.pdf}
}

@inproceedings{brumley:2004,
	author = {David Brumley and Dawn Song},
	title = {Privtrans: Automatically Partitioning Programs for Privilege Separation},
	booktitle = usenixsec,
	year = {2004}
}

@techreport{brumley:2005,
	author = {David Brumley and Li-Hao Liu and Pongsin Poosank and
  Dawn Song},
	title = {Design Space and Analysis of Worm Defense Systems},
	institution = {Carnegie Mellon University},
	year = 2005,
	number = {CMU-CS-05-156}
}

@article{brumley:2005:jcn,
	author = {David Brumley and Dan Boneh},
	title = {Remote Timing Attacks are Practical},
	journal = {Journal of Computer Networks},
	year = {2005},
	volume = {45},
	number = {5},
	pages = {701-716},
	month = aug,
	url = {http://portal.acm.org/citation.cfm?id=1090585}
}

@techreport{brumley:2006:alias,
	author = {David Brumley and James Newsome},
	title = {Alias Analysis for Assembly},
	institution = {Carnegie Mellon University School of Computer Science},
	year = {2006},
	number = {CMU-CS-06-180}
}

@inproceedings{brumley:2006:sigs,
	author = {David Brumley and James Newsome and Dawn Song and Hao Wang
 and Somesh Jha},
	title = {Towards Automatic Generation of Vulnerability-Based
 Signatures},
	booktitle = oakland,
	pages = {2-16},
	year = {2006}
}

@techreport{brumley:2007:bitscope,
	author = {David Brumley and Cody Hartwig and Min Gyung Kang and Zhenkai Liang and James Newsome and Pongsin Poosankam and Dawn Song},
	title = {BitScope: Automatically Dissecting Malicious Binaries},
	number = {CS-07-133},
	institution = {School of Computer Science, Carnegie Mellon University},
	year = 2007,
	month = mar
}

@inproceedings{brumley:2007:deviations,
	title = {Towards Automatic Discovery of Deviations in Binary Implementations with Applications to Error Detection and Fingerprint Generation},
	author = {David Brumley and Juan Caballero and Zhenkai Liang
  and James Newsome and Dawn Song},
	booktitle = usenixsec,
	year = {2007},
	address = {Boston, MA},
	month = aug
}

@inproceedings{brumley:2007:integer,
	author = {David Brumley and Tzi-cker Chiueh and Robert Johnson and
Huijia Lin and Dawn Song},
	title = {Efficient and Accurate Detection of Integer-based Attacks},
	booktitle = ndss,
	year = {2007}
}

@techreport{brumley:2007:symantec,
	author = {David Brumley},
	title = {Automatic Generation of Multi-Path Vulnerability Signatures for Canary},
	institution = {Symantec Research Labs},
	year = {2007},
	note = {Unpublished}
}

@inproceedings{brumley:2007:wp,
	author = {David Brumley and Hao Wang and Somesh Jha and Dawn Song},
	title = {Creating Vulnerability Signatures Using Weakest
Pre-conditions},
	year = {2007},
	booktitle = csf
}

@incollection{brumley:2008,
	author = {David Brumley and Cody Hartwig and Zhenkai Liang and James Newsome and Pongsin Poosankam and Dawn Song and Heng Yin},
	editor = {Wenkee Lee and Cliff Wang and David Dagon},
	booktitle = {Botnet Detection},
	title = {Automatically Identifying Trigger-based Behavior in Malware},
	publisher = {Springer-Verlag},
	year = {2008},
	volume = {36},
	series = {Countering the Largest Security Threat
Series: Advances in Information Security}
}

@inproceedings{brumley:2008:apeg,
	author = {David Brumley and Pongsin Poosankam and Dawn Song and Jiang Zheng},
	title = {Automatic Patch-Based Exploit Generation is Possible: Techniques and Implications},
	year = 2008,
	booktitle = oakland,
	month = may
}

@phdthesis{brumley:2008:phd,
	author = {David Brumley},
	title = {Analysis and Defense of Vulnerabilities in Binary Code},
	school = {Carnegie Mellon University School of Computer Science},
	year = {2008},
	month = sept
}

@article{brumley:2008:tdsc,
	author = {David Brumley and James Newsome and Dawn Song and Hao Wang and
Somesh Jha},
	title = {Theory and Techniques for Automatic Generation of Vulnerability-Based Signatures.},
	year = {2008},
	volume = {5},
	number = {4},
	pages = {224-241},
	month = oct,
	journal = tdsc
}

@inproceedings{bryant:2002,
	title = {Modeling and Verifying Systems using a Logic of Counter
 Arithmetic with Lambda Expressions and Uninterpreted Functions},
	author = { Randal E. Bryant and Shuvendu K. Lahiri and Sanjit
 A. Seshia},
	booktitle = {Proceedings of Conference on Computer-Aided Verification},
	year = {2002}
}

@article{buck:2000,
	author = {Bryan Buck and Jeffrey Hollingsworth},
	title = {An {API} for Runtime Code Patching},
	journal = jhpca,
	year = {2000},
	pages = {317-329},
	month = {Winter},
	volume = 14,
	number = {4},
	url = {http://www.dyninst.org/papers/apiPreprint.pdf}
}

@inproceedings{caballero:2007:polyglot,
	author = {Juan Caballero and Heng Yin and Zhenkai Liang and Dawn Song},
	title = {Polyglot: Automatic Extraction of Protocol Message Format using Dynamic Binary Analysis},
	booktitle = ccs,
	year = 2007,
	month = oct
}

@techreport{caballero:2007:rosetta,
	author = {Juan Caballero and Dawn Song},
	title = {Rosetta: Extracting Protocol Semantics using Binary Analysis with Applications to Protocol Replay and {NAT} rewriting},
	institution = {Carngie Mellon University CyLab},
	year = {2007},
	number = {CMU-CyLab-07-014},
	month = {Oct}
}

@inproceedings{cadar:2006,
	author = {Cristian Cadar and Vijay Ganesh and Peter Pawlowski and David
 Dill and Dawson Engler},
	title = {{EXE}: A System for Automatically Generating Inputs of Death
Using Symbolic Execution},
	booktitle = ccs,
	year = 2006,
	month = oct
}

@inproceedings{calimeri:2005,
	author = { F. Calimeri and G. Ianni},
	title = {External sources of computation for Answer Set Solvers},
	booktitle = {Proceedings of the 8th International Conference on Logic
 Programming and Nonmonotonic Reasoning ({LPNMR})},
	year = 2005,
	pages = {105-118}
}

@techreport{castro:2002,
	author = {Miguel Castro and Peter Druschel and Y.C. Hu and Antony Rowstron},
	title = {{Exploiting Network Proximity in Peer-to-peer Networks}},
	institution = {Microsoft Research},
	number = "MSR-TR-2002-82",
	year = 2002
}

@inproceedings{castro:2006,
	author = {Miguel Castro and Manuel Costa and Tim Harris},
	title = {Securing Software by Enforcing Data-flow integrity},
	booktitle = osdi,
	year = {2006},
	pages = {147--160},
	month = nov,
	url = {http://www.usenix.org/event/osdi06/tech/full_papers/castro/castro_html/}
}

@inproceedings{chen:2003,
	author = {Zesheng Chen and Lixin Gao and Kevin Kwiat},
	title = {Modeling the spread of active worms},
	year = 2003,
	booktitle = infocom
}

@inproceedings{chen:2005,
	author = {Shuo Chen and Jun Xu and Emre Sezer and Prachi Gauriar and
 Ravi Lyer},
	title = {Non-Control-Data Attacks are  Realistic Threats},
	booktitle = usenixsec,
	year = 2005
}

@inproceedings{chow:2004,
	author = {Jim Chow and Ben Pfaff and Tal Garfinkel and Kevin
                  Christopher and Mendel Rosenblum},
	title = {Understanding Data Lifetime via Whole System Simulation},
	booktitle = usenixsec,
	year = 2004,
	month = aug,
	added-by = {dawnsong},
	added-at = {Mon Aug 23 15:32:14 2004}
}

@inproceedings{christensen:2003,
	author = {Aske Simon Christensen and Anders M\o{}ller and Michael I. Schwartzbach},
	title = {Precise Analysis of String Expressions},
	booktitle = {Proceedings 10th International Static Analysis Symposium},
	year = 2003,
	month = jun,
	volume = {2694},
	series = {LNCS},
	publisher = {Springer-Verlag},
	pages = {1--18},
	note = {Available from \texttt{\small http://www.brics.dk/JSA/}}
}

@inproceedings{christo:2003,
	author = {Mihai Christodorescu and Somesh Jha},
	title = "Static Analysis of Executables to Detect Malicious Patterns",
	month = aug,
	year = 2003,
	booktitle = usenixsec
}

@inproceedings{christodorescu:2003,
	author = {C. Christodorescu and S. Jha},
	title = {Static Analysis of Executables to Detect Malicious 
Patterns},
	booktitle = usenixsec,
	year = 2003,
	added-by = {dawnsong},
	added-at = {Fri Nov  5 05:43:52 2004}
}

@inproceedings{christodorescu:2005,
	author = {Mihai Christodorescu and Nicholas Kidd and Wen-Han Goh},
	title = {String Analysis in x86 Binaries},
	year = 2005,
	booktitle = paste
}

@inproceedings{christodorescu:2005:semantics,
	author = {Mihai Christodorescu and Somesh Jha and Sanjit Seshia and
 Dawn Song and Randal Bryant},
	title = {Semantics-aware malware detection},
	booktitle = oakland,
	year = 2005
}

@phdthesis{cifuentes:1994,
	author = {Cristina Cifuentes},
	title = {Reverse Compilation Techniques},
	school = {Queensland University of Technology},
	year = {1994},
	month = jul
}

@inproceedings{cifuentes:1997,
	author = {C Cifuentes and D Simona and A Fraboulet},
	title = {Intraprocedural static slicing of binary executables},
	year = {1997},
	booktitle = {International Conference on Software Maintenence},
	pages = {188-195}
}

@incollection{clarke:1981,
	editor = {Steven S. Muchnick and Neil D. Jones},
	title = {Symbolic Evaluation Methods for Program Analysis},
	author = {Lori Clarke and Debra Richardson},
	booktitle = {Program Flow Analysis: Theory and Applications},
	year = 1981,
	publisher = {Prentice Hall}
}

@book{clarke:1999,
	author = "E.M. Clarke and O. Grumberg and D.A. Peled",
	title = "Model Checking",
	publisher = "The MIT Press",
	year = "1999"
}

@inproceedings{clarke:2004,
	author = {Edmund Clarke and Daniel Kroening and Flavio Lerda
},
	title = {A Tool for Checking {ANSI-C} Programs },
	booktitle = {Proceedings of the Tools and Algorithms for the Construction and Analysis of Systems },
	year = 2004 ,
	publisher = { Springer },
	pages = { 168--176 },
	isbn = { 3-540-21299-X },
	series = { Lecture Notes in Computer Science },
	volume = { 2988 },
	editor = { Kurt Jensen and Andreas Podelski }
}

@book{cohen:1990,
	author = {Edward Cohen},
	title = {Programming in the 1990's},
	publisher = {Springer-Verlag},
	year = {1990}
}

@inproceedings{costa:2004,
	author = "Manuel Costa and Jon Crowcroft and Miguel Castro and Antony Rowstron",
	title = "Can we contain Internet worms?",
	booktitle = hotnets,
	year = 2004
}

@inproceedings{costa:2005,
	timestamp = {Fri Jan 18 16:24:01 2008},
	author = {Manuel Costa and Jon Crowcroft and Miguel Castro and Antony
Rowstron and Lidong Zhou and Lintao Zhang and Paul Barham},
	title = {Vigilante: End-to-end Containment of Internet Worms},
	booktitle = sosp,
	year = {2005}
}

@inproceedings{costa:2007,
	timestamp = {Fri Jan 18 16:20:41 2008},
	author = {Manuel Costa and Miguel Castro and Lidong Zhou and Lintao
Zhang and Marcus Peinado},
	title = {Bouncer: Securing Software by Blocking Bad Input},
	booktitle = sosp,
	year = {2007},
	month = {oct}
}

@inproceedings{cousot:1977,
	author = {Patrick Cousot and Radhia Cousot},
	year = {1977},
	title = {Abstract interpretation: a unified lattice model for static
 analysis of programs by construction or approximation of fixpoints},
	booktitle = popl,
	pages = {238--252},
	month = "Jan"
}

@inproceedings{cowan:1998,
	author = {Crispin Cowan and Calton Pu and Dave Maier and 
		Jonathon Walpole and Peat Bakke and Steve Beattie and
		Aaron Grier and Perry Wagle and Qian Zhang and Heather Hinton},
	title = "{StackGuard}: automatic adaptive detection and prevention
		of buffer-overflow attacks",
	month = "January",
	year = 1998,
	booktitle = usenixsec
}

@inproceedings{cowan:2001,
	author = {Crispin Cowan and Matt Barringer and Steve Beattie
		and Greg Kroah-Hartman},
	title = "{FormatGuard}: automatic protection from printf format
		string vulnerabilities",
	month = "August",
	year = 2001,
	booktitle = usenixsec
}

@inproceedings{cowan:2003,
	title = { {PointGuard}: Protecting pointers from buffer overflow
 vulnerabilities},
	author = {Crispin Cowan and Steve Beattie and John Johansen and
 Perry Wagle},
	year = 2003,
	booktitle = usenixsec
}

@inproceedings{crandall:2004,
	author = {Jedidiah R. Crandall and Fred Chong},
	title = {Minos: Architectural Support for Software Security
                  through Control Data Integrity},
	booktitle = {Proceedings of the International Symposium on Microarchitecture},
	year = 2004,
	month = {December},
	added-by = {dawnsong},
	added-at = {Mon Aug 23 16:01:56 2004}
}

@inproceedings{crandall:2005,
	author = {Jedidiah Crandall and Zhendong Su and S. Felix Wu and
 Frederic Chong},
	title = {On deriving unknown vulnerabilities from zero-day
 polymorphic and metamorphic worm exploits},
	year = {2005},
	booktitle = ccs
}

@inproceedings{cui:2007,
	author = {Weidong Cui and Marcus Peinado and Helen J. Wang and Michael Locasto},
	title = {Shi
eldGen: Automatic Data Patch Generation for Unknown Vulnerabilities
	with Informed Probing},
	booktitle = oakland,
	year = {2007}
}

@inproceedings{debray:1988,
	title = {Alias analysis of executable code},
	author = {S.K.Debray and R Muth and M Weippert},
	booktitle = popl,
	year = {1988},
	optpages = {12-24}
}

@inproceedings{dellarmi:2003,
	author = {Tina Dell'Armi and Wolfgang Faber and Giuseppe Ielpa and
 Nicola Leone  and Gerald Pfeifer},
	title = {System Description: {DLV} with Aggregates},
	editor = {Vladimir Lifschitz and Ilkka Niemela},
	pages = {326-330},
	booktitle = {Proceedings of the International Conference on Logic
 Programming and Non-Monotonic Reasoning},
	volume = {2923},
	year = 2003
}

@techreport{detlefs:1998,
	author = "D.L. Detlefs and K. Rustan M. Leino and G. Nelson and J.B. Saxe",
	title = "Extended Static Checking",
	month = "December",
	year = "1998",
	number = "159",
	institution = "Compaq Systems Research Center"
}

@techreport{detlefs:2003,
	author = {David Detlefs and Greg Nelson and James Saxe},
	institution = { {HP} Labs},
	year = 2003,
	title = {Simplify: A theorem prover for program checking},
	number = {HPL-2003-148}
}

@book{dijkstra:1976,
	author = "E.W. Dijkstra",
	title = "A Discipline of Programming",
	publisher = "Prentice Hall",
	address = "Englewood Cliffs, NJ",
	year = "1976"
}

@inproceedings{dullien:2005,
	author = {Thomas Dullein and Rolf Rolles},
	year = {2005},
	title = {Graph-based comparison of Executable Objects},
	booktitle = {Proceedings of the Symposium sur la Securite des
                  Technologies de L'information et des communications}
}

@techreport{eckmann:2000,
	author = {S. Eckmann and G. Vigna and R. Kemmerer},
	title = {{STATL}: An Attack Language for State-based Intrusion Detection},
	institution = {University of California, Santa Barbara},
	year = {2000}
}

@techreport{edwards:2001,
	author = {Andrew Edwards and Amitabh Srivastava and Hoi Vo},
	title = {Vulcan: Binary transformation in a distributed environment},
	institution = {Microsoft Research},
	year = {2001},
	optkey = {},
	opttype = {},
	number = {MSR-TR-2001-50},
	optaddress = {},
	optmonth = {},
	optnote = {},
	optannote = {}
}

@inproceedings{engler:2001,
	title = {Bugs as Deviant Behavior: A General Approach to Inferring
Errors in Systems Code},
	author = {Dawson Engler and David Chen and Seth Hallem and Andy Chou
and Benjamin Chelf},
	year = {2001},
	booktitle = sosp
}

@inproceedings{engler:2007,
	author = {Dawson Engler and Daniel Dunbar},
	title = {Under-constrained execution: making automatic code destruction
easy and scalable},
	year = {2007},
	pages = {1-4},
	booktitle = issta
}

@article{ernest:2001,
	author = {M. D. Ernest and J. Cockrell and W. G. Griswold and
 D. Notkin},
	title = {Dynamically Discovering likely program invariants to support
 program evoluation},
	journal = { {IEEE} Transactions on Software Engineering},
	year = {2001},
	month = {Feb},
	volume = {27},
	number = {2}
}

@inproceedings{feldman:2007,
	author = {Ariel J. Feldman and J. Alex Halderman and Edward W. Felten},
	title = {Security Analysis of the Diebold {AccuVote-TS} Voting Machine},
	booktitle = {Proceedings of the Electronic Voting Technology Workshop},
	year = {2007},
	month = aug,
	url = {http://www.usenix.org/event/evt07/tech/full_papers/feldman/feldman.pdf}
}

@inproceedings{feng:2003,
	author = "Henry Hanping Feng and Oleg M. Kolesnikov
		and Prahlad Fogla and Wenke Lee and Weibo Gong",
	title = "Anomaly Detection Using Call Stack Information",
	month = "May",
	year = 2003,
	booktitle = oakland
}

@inproceedings{flake:2004,
	author = {Halvar Flake},
	title = {Structural Comparison of Executable Objects},
	year = 2004,
	booktitle = dimva
}

@inproceedings{flanagan:2001,
	author = "C. Flanagan and J.B. Saxe",
	title = "Avoiding Exponential Explosion: Generating Compact Verification Conditions",
	booktitle = popl,
	year = "2001"
}

@inproceedings{fogla:2006,
	author = {P. Fogla and M. Sharif and R. Perdisci and O. Kolesnikov and W. Lee},
	title = {Polymorphic Blending Attacks},
	booktitle = usenixsec,
	year = 2006
}

@inproceedings{forrest:1996,
	author = {S. Forrest and S. Hofmeyr and A. Somayaji and T.
Longstaff},
	title = {A sense of self for {U}nix processes},
	booktitle = oakland,
	pages = {120--128},
	year = 1996,
	month = may,
	added-by = {avi},
	added-at = {Fri May  7 21:45:00 2004}
}

@inproceedings{forrester:2000,
	author = {J.E. Forrester and B.P. Miller},
	title = {An Empirical Study of the Robustness of Windows NT
 Applications Using Random Testing},
	booktitle = {4th USENIX Windows Systems Symposium},
	year = {2000}
}

@inproceedings{foster:1999,
	author = {Jeffrey Foster and Manuel Fahndrich and Alexander Aiken},
	title = {A Theory of Type Qualifiers},
	booktitle = pldi,
	year = "1999"
}

@inproceedings{ganapathy:2005,
	author = {V. Ganapathy and S. A. Seshia and S. Jha and T. W. Reps
  and R. E. Bryant},
	title = {Automatic Discovery of API-Level Exploits},
	booktitle = {Proceedings of the International Conference on
  Software Engineering ({ICSE})},
	month = may,
	year = 2005
}

@inproceedings{ganesh:2007,
	author = {Vijay Ganesh and David L. Dill},
	title = {A Decision Procedure for Bit-Vectors and Arrays},
	booktitle = {Proceedings on the Conference on Computer Aided Verification},
	pages = {524-536},
	year = {2007},
	editor = {W. Damm and H. Hermanns},
	volume = {4590},
	series = {Lecture Notes in Computer Science},
	address = {Berlin, Germany},
	month = {July},
	publisher = {Springer-Verlag}
}

@inproceedings{gao:2008,
	author = {Debian Gao and Michael Reiter and Dawn Song},
	title = {BinHunt: Automatically Finding Semantic Differences in Binary Programs},
	year = {2008},
	month = oct,
	pages = {238-255},
	url = {http://flyer.sis.smu.edu.sg/},
	booktitle = icics
}

@inproceedings{giffin:2002,
	author = "Jonathon T. Giffin and Somesh Jha and Barton P. Miller",
	title = "Detecting manipulated remote call streams",
	month = aug,
	year = 2002,
	booktitle = usenixsec
}

@inproceedings{giffin:2004,
	author = "Jonathon T. Giffin and Somesh Jha and Barton P. Miller",
	title = "Efficient Context-Sensitive Intrusion Detection",
	month = feb,
	year = 2004,
	booktitle = ndss
}

@inproceedings{gkantsidis:2006,
	author = {Christos Gkantsidis and Thomas Karagiannis and Pablo
                  Rodriguez and Milan Vojnovic},
	title = {Planet Scale Software Updates},
	year = {2006},
	booktitle = sigcomm
}

@inproceedings{godefroid:2005,
	author = {Patrice Godefroid and Nils Klarlund and Koushik Sen},
	title = { {DART}: Directed Automated Random Testing},
	booktitle = pldi,
	year = {2005}
}

@inproceedings{godefroid:2008,
	author = {Patrice Godefroid and Michael Levin and David Molnar},
	title = {Automated Whitebox Fuzz Testing},
	booktitle = ndss,
	year = {2008},
	month = feb
}

@article{gotlieb:1998,
	author = {Arnaud Gotlieb and Bernard Botella and Michael Rueher},
	title = {Automatic Test Data Generation using Constraint Solving
 Techniques},
	year = {1998},
	booktitle = {{ACM} Symposium on Software Testing and Analysis},
	journal = {{ACM} {SIGSOFT} Software Engineering Notes},
	volume = {23},
	number = {2},
	pages = {1998},
	url = {http://portal.acm.org/citation.cfm?id=271790&dl=ACM&coll=ACM&CFID=17605679&CFTOKEN=56471975}
}

@inproceedings{gotlieb:2000,
	title = {A CLP Framework for Computing Structural Test Data},
	author = {Arnaud Gotlieb and Bernard Botella and Michael Rueher},
	year = {2000},
	booktitle = {First International Conference on Computational Logic}
}

@article{gupta:1998,
	author = {Neelam Gupta and Aditya Mathur and Mary Lou Soffa},
	title = {Automated Test Data Generation Using An Iterative Relaxation
  Method},
	year = {1998},
	booktitle = {{ACM} {SIGSOFT} Symposium on Foundations of Software
  Engineering},
	journal = {{ACM} {SIGSOFT} Software Engineering Notes},
	volume = {23},
	number = {6},
	pages = {231--244},
	month = nov
}

@article{halbwachs:1997,
	author = {Nicolas Halbwachs and Yann-Erick Proy and Patrick Roumanoff},
	title = {Verification of Real-Time Systems using Linear Relation Analysis},
	journal = {Formal Methods in System Design},
	year = 1997,
	volume = 11,
	number = 2,
	pages = {157-185}
}

@inproceedings{halperin:2008,
	author = {Daniel Halperin and Thomas S. Heydt-Benjamin and Benjamin
Ransford and Shane S. Clark and Benessa Defend and Will Morgan and
Kevin Fu and Tadayoshi Kohno and William H. Maisel},
	title = {Pacemakers and implantable cardiac defibrillators: software
radio attacks and zero-power defenses},
	booktitle = oakland,
	year = {2008},
	month = may,
	pages = {129-142},
	url = {http://www.ieee-security.org/TC/SP2008/oakland08.html}
}

@inproceedings{hangal:2002,
	author = {Sudheendra Hangal and Monica S Lam},
	title = {Tracking Down Software Bugs Using Automatic Anomaly Detection},
	booktitle = {Proc. of the $24^{th}$ International Conference
  on Programming Language Design and Implementation ({PLDI})},
	month = may,
	year = 2002
}

@article{hentenryck:1996,
	author = {Pascal Van Hentenryck and Vijay Saraswat},
	title = {Strategic directions in constraint programming},
	year = {1996},
	journal = { {ACM} Computing Surveys},
	volume = {28},
	issue = {4},
	pages = {701 - 726}
}

@inproceedings{henzinger:2003,
	title = "Software Verification with {Blast}",
	author = "Thomas A. Henzinger and  Ranjit Jhala and  Rupak Majumdar and Gregoire Sutre",
	booktitle = {Proceedings of the 10th SPIN Workshop on Model Checking Software},
	year = 2003
}

@inproceedings{hickey:1998,
	author = {T Hickey and H Wu and M.H. van Emdem},
	title = {A Unified Framework for Interval Constraint and Interval
 Arithmetic},
	year = {1998},
	booktitle = {Principles and Practice of Constraint Programming --
 CP98},
	howpublished = {\url{http://interval.sf.net}}
}

@article{hoare:1969,
	timestamp = {Mon Jan 21 15:59:22 2008},
	author = {C.A.R. Hoare},
	title = {An Axiomatic basis for computer programming},
	journal = {Communications of the {ACM}},
	year = {1969},
	volume = {12},
	number = {10},
	pages = {576--580},
	month = oct,
	url = {http://portal.acm.org/citation.cfm?id=363259}
}

@book{hopcroft:1971,
	author = {J Hopcroft},
	title = {An $n\log n$ algorithm for minimizing the states in a finite
 automaton},
	year = {1971},
	publisher = {Academic Press}
}

@book{hopcroft:2001,
	author = {John Hopcroft and Rajeev Motwani and Jeffrey Ullman},
	alteditor = {},
	title = {Introduction to automata theory, langauges, and computation},
	publisher = {Addison-Wesley},
	year = {2001}
}

@article{horowitz:1990,
	author = {S Horwitz and T Reps and D Binkley},
	title = {Interprocedural slicing using dependence graphs},
	journal = { {ACM} Transactions on Programming Languages and Systems},
	year = {1990},
	volume = {12}
}

@inproceedings{ibarra:1980,
	author = {Oscar Ibarra and Brian Leininger},
	title = {The Complexity of the Equivalence Problem for
  Straight-line Programs},
	year = {1980},
	booktitle = {Proceedings of the $12^{th}$ annual {ACM} symposium on
  Theory of Computing}
}

@article{ibarra:1983,
	author = {Oscar Ibarra and Shlomo Moran},
	title = {Probabilistic Algorithms for Deciding Equivalence of
  Straight-line Programs},
	year = {1983},
	journal = {Journal of the {ACM}},
	volume = {30},
	issue = {1},
	pages = {217-228}
}

@article{ilgun:1995,
	author = "K. Ilgun and  R. A. Kemmerer and  P. A. Porras",
	title = "State Transition Analysis: A Rule-Based Intrusion Detection Approach",
	journal = "IEEE Transactions on Software Engineering",
	volume = "21",
	number = "3",
	pages = "181--199",
	year = "1995"
}

@manual{intel:x86,
	title = {Intel 64 and {IA-32} Architectures Software Developer's Manual,
Volumes 1-5},
	organization = {Intel Corporation},
	month = apr,
	year = {2008},
	url = {http://www.intel.com/products/processor/manuals/}
}

@techreport{jackson:1994,
	author = "Daniel Jackson and Eugene J. Rollins",
	title = "Chopping: {A} Generalization of Slicing",
	institution = "Carnegie Mellon University School of Computer Science",
	number = "CS-94-169",
	pages = "21",
	year = "1994",
	url = "citeseer.ist.psu.edu/jackson94chopping.html"
}

@article{jaffar:1994,
	title = {Constraint Logic Programming: A Survey},
	year = {1994},
	author = {Joxan Jaffar and Michael Maher},
	journal = {Journal of Logic Programming},
	misc = {\url{http://citeseer.ist.psu.edu/334926.html}}
}

@inproceedings{jhala:2005,
	author = {Ranjit Jhala and Rupak Majumdar},
	title = {Path Slicing},
	booktitle = pldi,
	year = {2005},
	month = jun,
	url = {http://www.cs.ucla.edu/~rupak/publications.shtml}
}

@inproceedings{johansen:2007,
	timestamp = {Sun Aug 17 18:53:12 2008},
	author = {Havard Johansen and Dag Johansen and Robbert van Renesse},
	title = {FirePatch: Secure and Time-Critical Dissemination of Software Patches},
	booktitle = {{IFIP} International Information Security Conference},
	year = {2007},
	month = {May},
	url = {http://www.iad.cs.uit.no/pubs/firepatch.pdf}
}

@inproceedings{johnstone:2000,
	author = {Adrian Johnstone and Elizabeth Scott and Tim Womack},
	title = {What assembly language programmers get up to: control flow challenges in reverse compilation},
	month = {march},
	year = {2000},
	booktitle = {Proceedings of the 4th European Conference on Software Maintenence and Reverse Engineering}
}

@inproceedings{jones:1997,
	author = {Richard Jones and Paul Kelly},
	title = {Backwards-compatible bounds checking for arrays and pointers
  in {C} Programs},
	booktitle = {Proceedings of the Third International Workshop on 
		Automated Debugging},
	year = "1995"
}

@inproceedings{jordan:2002,
	author = {M. Jordan},
	title = {Dealing with Metamorphism},
	booktitle = {Virus Bulletin Magazine},
	year = 2002,
	added-by = {dawnsong},
	added-at = {Fri Nov  5 05:43:52 2004}
}

@inproceedings{kc:2003,
	author = "Gaurav S. Kc and Angelos D. Keromytis 
		and Vassilis Prevelakis",
	title = "Countering code-injection attacks with instruction-set 
		randomization",
	booktitle = ccs,
	year = 2003
}

@inproceedings{keromytis:2007,
	timestamp = {Wed Jan 30 21:34:25 2008},
	author = {Angelos Keromytis},
	title = {Characterizing Self-healing software systems},
	booktitle = {Proceedings of the International Conference on Mathematical Methods, Models and Architectures for Computer Network Security},
	year = {2007},
	pages = {22--33},
	month = sep,
	url = {http://www1.cs.columbia.edu/~angelos/Papers/2007/mmm-acns-self.pdf}
}

@inproceedings{kildall:1973,
	author = {Gary Kildall},
	title = {A Unified Approach to Global Program Optimization},
	booktitle = popl,
	year = {1973}
}

@inproceedings{kim:2004,
	author = {Hyang-Ah Kim and Brad Karp},
	title = "Autograph: toward automated, distributed worm signature
		detection",
	optmonth = aug,
	year = 2004,
	booktitle = usenixsec
}

@article{king:1976,
	author = {James King},
	title = {Symbolic execution and program testing},
	year = {1976},
	volume = {19},
	journal = {Communications of the {ACM}},
	issue = {7},
	pages = {386-394}
}

@inproceedings{kiriansky:2002,
	author = "Vladimir Kiriansky and Derek Bruening and Saman Amarasinghe",
	title = "Secure Execution Via Program Shepherding",
	booktitle = usenixsec,
	month = aug,
	year = 2002
}

@article{knuth:1971,
	author = {Donald E. Knuth},
	title = {An empirical study of {FORTRAN} programs},
	journal = {Software --- Practice and Experience},
	year = {1971},
	volume = {1},
	pages = {105-133}
}

@inproceedings{ko:2000,
	author = {Calvin Ko and Timothy Fraser and Lee Badger and
		Douglas Kilpatrick},
	title = "Detecting and countering system intrusions using software
		wrappers",
	month = "August",
	year = 2000,
	booktitle = usenixsec
}

@article{korel:1990:goal,
	timestamp = {Sun Feb 24 17:33:27 2008},
	author = {Bogdan Korel},
	title = {Dynamic method for software test data generation},
	booktitle = {Conference on Software Maintenance},
	year = {1992},
	pages = {203--213},
	note = {goal-oriented test case generation},
	journal = {Journal of Software Testing, Verification, and Reliability},
	volume = {2}
}

@article{korel:1990:transactions,
	timestamp = {Sun Feb 24 17:31:30 2008},
	author = {Bogdan Korel},
	title = {Automated test data generation},
	journal = {{IEEE} Transactions on Software Engineering},
	year = {1990},
	volume = {16},
	number = {8},
	pages = {870--879},
	note = {path-based test set generation}
}

@inproceedings{kreibich:2003,
	timestamp = {Wed Jan 30 21:47:33 2008},
	author = {Christian Kreibich and Jon Crowcroft},
	title = {Honeycomb - Creating Intrusion Detection Signatures Using Honeypots},
	booktitle = hotnets,
	year = {2003},
	url = {http://www.icir.org/christian/publications.html}
}

@inproceedings{kruegel:2003,
	author = {C. Kruegel and G. Vigna},
	title = {Anomaly Detection of Web-based Attacks},
	booktitle = ccs,
	year = 2003,
	added-by = {dawnsong},
	added-at = {Tue Aug 24 12:59:05 2004}
}

@inproceedings{kruegel:2004,
	author = {Christopher Kruegel and William Robertson and Fredrik
 Valeur and Giovanni Vigna},
	title = {Static Disassembly of Obfuscated Binaries},
	booktitle = usenixsec,
	year = 2004
}

@inproceedings{kruegel:2005,
	author = {Christopher Kruegel and Engin Kirda and Darren Mutz and
	William Robertson and Giovanni Vigna},
	title = {Polymophic Worm Detection using structural information of
	executables},
	booktitle = raid,
	year = {2005}
}

@inproceedings{lam:2005,
	author = {Monica Lam and John Whaley and Benjamin Livshits and
 Michael Martin and Dzintars Avots and Michael Carbin and Christopher
 Unkel},
	title = {Context-Sensitive Program Analysis as Database Queries},
	booktitle = {Proceedings of Principles of Database Systems ({PODS})},
	year = {2005}
}

@incollection{lamport:1985,
	author = {Leslie Lamport and Fred B. Schneider},
	title = {Formal Foundation for Specification and Verification},
	booktitle = {Distributed Systems. Methods and Tools for
  Specification. An Advanced Course.},
	pages = {203-270},
	publisher = {Springer-Verlag},
	year = {1985},
	editor = {M. Paul and H.J. Siegert},
	volume = {190}
}

@article{landi:1992,
	timestamp = {Thu Jan 31 01:27:10 2008},
	author = {William Landi},
	title = {Undecidability of Static Analysis},
	journal = {{ACM} Letters on Programming Languages and Systems},
	year = {1992},
	volume = {1},
	number = {4},
	pages = {327--337},
	month = dec,
	url = {http://citeseer.ist.psu.edu/319802.html}
}

@inproceedings{larochelle:2001,
	author = {David Larochelle and David Evans},
	title = {Statically Detecting Likely Buffer Overflow
 Vulnerabilities},
	year = {2001},
	booktitle = usenixsec
}

@inproceedings{larson:2003,
	author = "Eric Larson and Todd Austin",
	title = "High coverage detection of input-related security faults",
	booktitle = usenixsec,
	month = aug,
	year = 2003
}

@inproceedings{larus:1995,
	author = {James Larus and Eric Schnarr},
	title = {{EEL}: machine-independent executable editing},
	booktitle = pldi,
	year = {1995},
	pages = {291-300},
	url = {http://portal.acm.org/citation.cfm?id=207110.207163&coll=GUIDE&dl=GUIDE&type=series&idx=SERIES363&part=series&WantType=Proceedings&title=PLDI&CFID=32859816&CFTOKEN=48153054}
}

@article{leino:2005,
	author = "K. Rustan M. Leino",
	title = "Efficient weakest preconditions",
	journal = "Information Processing Letters",
	volume = "93",
	number = "6",
	pages = "281--288",
	year = "2005"
}

@inproceedings{li:2006,
	author = {Zhichun Li and Manan Shanghi and Brian Chavez and Yan Chen
and Ming-Yang Kao},
	title = {Hamsa: Fast Signature Generation for Zero-day Polymorphic
Worms with Provable Attack Resiliance},
	booktitle = oakland,
	year = {2006}
}

@inproceedings{liang:2005,
	author = {Zhenkai Liang and R. Sekar},
	title = {Fast and Automated Generation of Attack Signatures: A Basis
 for Building Self-protecting servers},
	booktitle = ccs,
	year = {2005}
}

@article{littlestone:1988,
	author = {N. Littlestone},
	title = {Learning quickly when irrelevant attributes abound:
                  A new linear threshold algorithm},
	journal = {Machine Learning},
	year = 1988,
	volume = 2,
	number = {285-318},
	added-by = {dawnsong},
	added-at = {Tue May  4 21:48:53 2004}
}

@inproceedings{littlestone:1991,
	author = {N. Littlestone},
	title = {Redundant noisy attributes, attribute errors, and
                  linear-threshold learning using winnow},
	booktitle = {Proceedings of the Fourth Annual Workshop on
                  Computational Learning Theory},
	pages = {147-156},
	year = 1991,
	added-by = {dawnsong},
	added-at = {Tue May  4 21:51:25 2004}
}

@Misc{llvm,
  key =       {llvm},
  title =     {The {LLVM} Compiler Infrastructure Project},
  howpublished = {\url{http://llvm.org}}}

@inproceedings{luk:2005,
	author = {Chi-Keung Luk and Robert Cohn and Robert Muth and Harish
 Patil and  Artur Klauser and Geoff Lowney and  Steven Wallace and
 Vijay Janapa Reddi and  Kim Hazelwood},
	title = {Pin: Building Customized Program Analysis Tools with Dynamic
 Instrumentation},
	booktitle = pldi,
	year = 2005,
	month = jun
}

@inproceedings{manolios:2007,
	title = {{BAT} The Bit-level Analysis Tool},
	author = {Panagiotis Manolios and Sudarshan Srinivasan and Daron Vroon},
	booktitle = {Computer Aided Verification},
	pages = {303-306},
	year = {2007},
	editor = {W. Damm and H. Hermanns},
	volume = {4590},
	series = {Lecture Notes in Computer Science},
	address = {Berlin, Germany},
	month = {July},
	publisher = {Springer-Verlag}
}

@inproceedings{milenkovic:2003,
	author = {Aleksandar Milenkovic and Milena Milenkovic and Jeffrey
 Kulick},
	title = {N-Tuple Compression: A Novel method for compression of
 branch instruction traces},
	year = 2003,
	booktitle = {Proceedings of the $16^{th}$ international conference on
 parallel and distributed computing}
}

@article{miller:1991,
	author = {Barton Miller and Lars Fredriksen and Bryan So},
	title = {An Empirical Study of the Reliability of {UNIX} utilities},
	journal = cacm,
	year = 1990,
	volume = {33},
	number = {12},
	pages = {32--44},
	url = {http://citeseer.ist.psu.edu/miller90empirical.html}
}

@inproceedings{miller:2006,
	author = { B.P. Miller and G. Cooksey and F. Moore},
	title = {An Empirical Study of the Robustness of MacOS Applications
 Using Random Testing},
	booktitle = {Proceedings of the International Workshop on Random
 Testing},
	year = {2006}
}

@inproceedings{miller:2007,
	author = {Charlie Miller},
	title = {The Legitimate Vulnerability Market},
	booktitle = {Proceedings of the Workshop on the Economics of Information
  Security},
	year = {2007},
	month = {June}
}

@incollection{mohri:2000,
	author = {mehryar mohri and mark-jan nederhof},
	title = {Regular approximation of context-free grammars through transformation},
	booktitle = {robustness in language and speech technology},
	publisher = {kluwer academic publishers},
	year = {2000},
	editor = {Jean-claude Junqua and Gertjan van Noord},
	pages = {251--261},
	chapter = {9},
	url = {http://citeseer.ist.psu.edu/cache/papers/cs/15869/http:zSzzSzwww.research.att.comzSz~mohrizSzpostscriptzSzapprox.pdf/mohri00regular.pdf}
}

@book{mohri:2001,
	author = {Mehryar Mohri and Mark-Jan Nederhof},
	alteditor = {},
	title = {Robustness in Language and Speech Technology},
	chapter = {Chapter 9: Regular Approximation of Context-Free Grammars
  through Transformation},
	year = {2001},
	publisher = {Kluwer Academic Publishers}
}

@inproceedings{moore:2003,
	title = {Internet Quarantine: Requirements for Containing
 Self-propagating code},
	author = {David Moore and Colleen Shannon and Geoffrey Voelker and
 Stefan Savage},
	year = 2003,
	booktitle = infocom
}

@inproceedings{moore:2003:slammer,
	title = {Inside the Slammer worm},
	author = {David Moore and Vern Paxson and Stefan Savage and Colleen
 Shannon and Stuart Staniford and Nicholas Weaver},
	booktitle = oakland,
	volume = "1",
	issue = "4",
	year = 2003
}

@book{muchnick:1997,
	author = {Steven S. Muchnick},
	title = "Advanced Compiler Design and Implementation",
	publisher = "Academic Press",
	year = "1997"
}

@inproceedings{mycroft:1999,
	author = {Alan Mycroft},
	title = {Type-Based Decompilation},
	year = {1999},
	booktitle = esop,
	month = mar
}

@article{nachanberg:1997,
	author = {Carey Nachanberg},
	title = {  Computer Virus-Antivirus Coevolution},
	journal = {Communications of The ACM},
	year = 1997,
	added-by = {dawnsong},
	added-at = {Fri Nov  5 05:34:56 2004}
}

@inproceedings{nanda:2006,
	timestamp = {Wed Jan 30 22:38:03 2008},
	author = {Susanta Nanda and Wei Li and Lap-chung Lam and Tzi-cker Chiueh},
	title = {{BIRD}: Binary Interpretation using Runtime Disassembly},
	booktitle = {Proceedings of the {IEEE/ACM} Conference on Code Generation and Optimization},
	year = {2006},
	month = mar,
	url = {http://www.ecsl.cs.sunysb.edu/tech_reports.html}
}

@inproceedings{necula:2002,
	author = "George C. Necula and Scott Mc{P}eak and Westley Weimer",
	title = "{CCured}: type-safe retrofitting of legacy code",
	booktitle = popl,
	year = 2002
}

@inproceedings{necula:2002:cil,
	author = {George C. Necula and Scott McPeak and S.P. Rahul and Westley Weimer},
	title = {{CIL}: Intermediate Language and Tools for Analysis and
Transformation of {C} Programs},
	year = {2002},
	booktitle = ccc
}

@inproceedings{nethercote:2003,
	author = {Nicholas Nethercote and Alan Mycroft},
	title = {Redux: A Dynamic Dataflow Tracer},
	booktitle = {Proceedings of the Third Workshop on Runtime Verification},
	year = 2003,
	month = jul,
	address = {Boulder, Colorado, USA},
	summary = {Description of Redux.  Lots of examples, particularly fac(5)
                   essence comparisons in C, stack machine interpreter, and
                   Haskell. Also demonstrates program slicing, and discusses
                   other possible uses of Redux.}
}

@inproceedings{nethercote:2003:valgrind,
	author = {Nicholas Nethercote and Julian Seward},
	title = {Valgrind: A Program Supervision Framework},
	booktitle = {Proceedings of the Third Workshop on Runtime Verification},
	year = 2003,
	month = jul,
	address = {Boulder, Colorado, USA},
	summary = {Overview of Valgrind, concentrating on core and core/skin
                   interface.  A little bit of Memcheck as an example skin.
                   Has some performance figures for some SPEC2000 benchmarks.}
}

@phdthesis{nethercote:2004:phd,
	author = {Nicholas Nethercote},
	title = {Dynamic Binary Analysis and Instrumentation or Building Tools
is Easy},
	school = {Trinity College, University of Cambridge},
	year = {2004},
	url = {http://valgrind.org/docs/phd2004.pdf}
}

@inproceedings{nethercote:2004:redux,
	author = {Nicholas Nethercote and Jeremy Fitzhardinge},
	title = {Bounds-Checking Entire Programs without Recompiling},
	booktitle = {Proceedings of the Second Workshop on Semantics, Program
                   Analysis, and Computing Environments for Memory Management},
	year = 2004,
	month = jan,
	address = {Venice, Italy},
	note = {(Proceedings not formally published.)},
	summary = {Detailed description of Annelid.}
}

@inproceedings{newsome:2005:polygraph,
	author = {James Newsome and Brad Karp and Dawn Song},
	title = {Polygraph: Automatically generating signatures for
 polymorphic worms},
	booktitle = oakland,
	year = 2005,
	month = may
}

@inproceedings{newsome:2005:taintcheck,
	author = {James Newsome and Dawn Song},
	title = {Dynamic taint analysis for automatic detection, analysis,
 and signature generation of exploits on commodity software},
	booktitle = ndss,
	year = {2005},
	month = feb
}

@inproceedings{newsome:2006:paragraph,
	author = {James Newsome and Brad Karp and Dawn Song},
	title = {Paragraph: Thwarting signature learning by training
maliciously},
	booktitle = raid,
	year = {2006},
	month = sep
}

@inproceedings{newsome:2006:replayer,
	author = {James Newsome and David Brumley and Jason Franklin and Dawn
 Song},
	title = {Replayer: Automatic Protocol Replay by Binary Analysis},
	year = {2006},
	booktitle = ccs,
	pages = {311-321},
	editor = {Rebecca Write and Sabrina De Capitani di Vimercati and
 Vitaly Shmatikov}
}

@techreport{newsome:2006:sting,
	author = {James Newsome and David Brumley and Dawn Song},
	title = {Sting: An End-to-End Self-Healing System for Defending Against Zero-Day Worm Attacks},
	institution = cmutr,
	year = {2006},
	number = {CMU-CS-05-191}
}

@inproceedings{newsome:2006:vsef,
	author = {James Newsome and David Brumleyand Dawn Song and
  Jad Chamcham and Xeno Kovah},
	title = {Vulnerability-Specific Execution Filtering for
  Exploit Prevention on Commodity Software},
	booktitle = {Proc. of the $13^{th}$ Annual Network and
  Distributed System Security Symposium ({NDSS})},
	year = {2006}
}

@techreport{newsome:2008,
	timestamp = {Tue Aug 19 12:42:28 2008},
	author = {James Newsome and Dawn Song},
	title = {Influence: A Quantitative Approach for Data Integrity},
	institution = {Carnegie Mellon University CyLab},
	year = {2008},
	number = {CMU-CYLAB-08-005},
	month = feb,
	url = {http://www.cylab.cmu.edu/default.aspx?id=2415}
}

@inproceedings{norvell:1994,
	author = {T. Norvell},
	title = {Machine code programs are predicates too},
	year = {1994},
	booktitle = {Sixth Refinement Workshop (Workshops in
                  Computing)},
	pages = {188--204}
}

@inproceedings{pasupulati:2004,
	author = {Archana Pasupulati and Jason Coit and Karl Levitt
                  and Felix Wu},
	title = {Buttercup: On Network-based Detection of Polymorphic
                  Buffer Overflow Vulnerabilities},
	booktitle = {{IEEE/IFIP} Network Operation and Management Symposium},
	year = 2004,
	month = may,
	added-by = {dawnsong},
	added-at = {Mon Aug 23 17:39:12 2004}
}

@inproceedings{patton:2001,
	timestamp = {Fri Jan 18 16:38:23 2008},
	author = {Samuel Patton and William Yurcik and David Doss},
	title = {An Achilles Heel in Signature-Based IDS: Squealing False
Positives in {SNORT}},
	booktitle = raid,
	year = {2001}
}

@article{paxson:1999,
	author = {Vern Paxson},
	title = {Bro: A system for detecting network intruders in real-time},
	month = {December},
	year = {1999},
	volume = {31},
	journal = {computer networks}
}

@phdthesis{percival:2003,
	author = {Colin Percival},
	title = {Matching and Mismatches and Assorted Applications},
	school = {Wadham College, University of Oxford},
	note = {bsdiff/bspatch tool},
	year = {2006}
}

@inproceedings{perdisci:2006,
	author = {Roberto Perdisci and David Dagon and Wenke Lee and Prahlad
Fogla and Monirul Sharif},
	title = {Misleading worm signature generators using deliberate noise
injection},
	year = {2006},
	month = {may},
	booktitle = oakland
}

@book{pierce:2002,
	author = {Benjamin C Pierce},
	title = {Types and Programming Languages},
	year = {2002},
	publisher = {The {MIT} Press}
}

@book{pierce:2005,
	editor = {Benjamin C Pierce},
	title = {Advanced Topics in Types and Programming Languages},
	publisher = {The {MIT} Press},
	year = {2005}
}

@article{pippenger:1979,
	author = {Nicholas Pippenger and Michael Fischer},
	title = {Relationis among complexity measures},
	journal = {Journal of the Association for Computing Machinery},
	year = {1979},
	volume = {26},
	number = {2},
	pages = {361--381},
	month = apr,
	url = {http://portal.acm.org/citation.cfm?id=322123.322138},
	annote = {n steps of the computation of an arbitrary machine with
one-dimensional tapes can be performed by a combinational logic
network of cost O(n log n) and delay O(n).},
	keywords = {}
}

@inproceedings{prasad:2003,
	author = {Manish Prasad and Tzi-cker Chiueh},
	title = {A Binary Rewriting Defense again Stack-based Buffer Overflow
Attacks},
	booktitle = usenixtech,
	year = 2003
}

@inproceedings{provos:2003,
	author = "Niels Provos",
	title = "Improving host security with system call policies",
	booktitle = usenixsec,
	month = aug,
	year = 2003
}

@inproceedings{ranum:1997,
	author = {Marcus Ranum and Kent Landfield and Mike Stolarchuk and
 Mark Sienkiewicz},
	title = {Implementing a Generalized Tool for Network Monitoring},
	booktitle = {In the Proc. of the $11^{th}$ System
 Administration Conferecence ({LISA})},
	year = {1997}
}

@inproceedings{ratnasamy:2002,
	author = {Sylvia Ratnasamy and Mark Handley and Richard Karp and Scott Shenker},
	title = {{Topologically-Aware Overlay Construction and Server Selection}},
	booktitle = infocom,
	year = 2002
}

@inproceedings{rayadurgam:2001,
	author = {Sanjai Rayadurgam and  Mats P. E. Heimdahl},
	title = { Coverage Based Test-Case Generation Using Model Checkers},
	booktitle = {Eighth annual {IEEE} international conference and
  workshop on the engineering of computer based systems},
	year = {2001}
}

@inproceedings{reps:1995,
	author = "T. Reps and G. Rosay",
	title = "Precise interprocedural chopping",
	booktitle = "Proceedings of the  ACM  Symposium on the Foundations of Software Engineering",
	year = "1995"
}

@article{reps:1998,
	author = {Thomas Reps},
	title = {Program analysis via graph reachability},
	year = {1998},
	journal = {Information and Software Technology},
	volume = {40},
	number = {11-12}
}

@inproceedings{rinard:2004,
	author = {Martin Rinard and Cristian Cadar and Daniel Dumitran and
 Daniel Roy and Tudor Leu and William Beebee Jr.},
	title = {Enhancing server availability and security through
 failure-oblivious computing},
	booktitle = osdi,
	year = 2004
}

@inproceedings{ruwase:2004,
	author = {Olatunji Ruwase and Monica Lam},
	title = {A Practical Dynamic Buffer Overflow Detector},
	year = {2004},
	month = feb,
	booktitle = ndss
}

@article{sandon:1997,
	title = {NSTrace: A bus-driven instruction trace tool for PowerPC
 microprocessors},
	author = {P. A. Sandon and Y.C. Liao and T.E. Cook and D.M. Schultz
 and P Martin-de-Nicolas},
	year = {1997},
	journal = { {IBM} Journal of Research and Development},
	volume = {41},
	number = {3},
	page = {331}
}

@article{schneider:2000,
	author = {Fred B. Schneider},
	title = {Enforceable Security Policies},
	journal = {{ACM} Transactions on Information and System Security},
	year = {2000},
	volume = {3},
	number = {1},
	pages = {30-50},
	month = {February}
}

@inproceedings{sekar:2001,
	author = "R.~Sekar and M.~Bendre and D.~Dhurjati and P.~Bollineni",
	title = "A fast automaton-based method for detecting anomalous 
		program behaviors",
	booktitle = oakland,
	month = may,
	year = 2001
}

@inproceedings{sekar:2003,
	author = "R.~Sekar and V.~Venkatakrishnan and S.~Basu and S.~Bhatkar
		and D.~Duvarney",
	title = "Model-carrying code: a practical approach for safe
		execution of untrusted applications",
	booktitle = sosp,
	month = oct,
	year = "2003"
}

@inproceedings{shankar:2001,
	author = {Umesh Shankar and Kunal Talwar and Jeffrey Foster and David
Wagner},
	title = {Detecting Format-String Vulnerabilities with Type
Qualifiers},
	booktitle = usenixsec,
	year = 2001
}

@inproceedings{sidiroglou:2003,
	author = {Stelios Sidiroglou and Angelos D. Keromytis},
	title = {A Network Worm Vaccine Architecture},
	booktitle = {Proceedings of the IEEE International Workshops on
Enabling Technologies: Infrastructure for Collaborative Enterprises, Workshop on Enterprise Security},
	year = 2003,
	month = jun,
	pages = {220--225},
	added-by = {avi},
	added-at = {Sat Feb  8 02:00:00 2004}
}

@article{sidiroglou:2005,
	title = {Countering Network Worms Through Automatic Patch
 Generation},
	author = {Stelios Sidiroglou and Angelos D. Keromytis},
	journal = { {IEEE} Security and Privacy},
	volume = 3,
	number = 6,
	pages = {41-49},
	year = {2005}
}

@inproceedings{sidiroglou:2005:ISC,
	author = {Stelios Sidiroglou and Giannis Giovanidis and Angelos
  D. Keromytis},
	title = {A Dynamic Mechanism for Recovering from Buffer Overflow
  Attacks},
	booktitle = {Proceedings of the Information Security Conference
  ({ISC})},
	year = {2005}
}

@inproceedings{sidiroglou:2005:usenix,
	author = {Stelios Sidiroglou and Michael E. Locasto and Stephen
 W. Boyd and Angelos D. Keromytis},
	title = {Building a Reactive Immune System for Software Services},
	year = 2005,
	booktitle = usenixtech
}

@phdthesis{simpson:1996,
	author = {Loren Taylor Simpson},
	title = {Value-Driven Redundancy Elimination},
	school = {Rice University Department of Computer Science},
	year = {1996}
}

@techreport{singh:2003,
	author = {Sumeet Singh and Cristian Estan and George Varghese and 
		Stefan Savage},
	title = "The {EarlyBird} system for real-time detection of
		unknown worms",
	month = aug,
	year = 2003,
	institution = "University of California, San Diego",
	number = "CS2003-0761"
}

@inproceedings{singh:2004,
	author = {Sumeet Singh and Cristian Estan and George Varghese and 
		Stefan Savage},
	title = "Automated worm fingerprinting",
	optmonth = dec,
	year = 2004,
	booktitle = osdi
}

@article{sistla:1985,
	author = "A. Prasad Sistla and Edmund M. Clarke",
	title = "The Complexity of Propositional Linear Temporal Logics",
	journal = "Journal of the ACM",
	volume = "32",
	number = "3",
	pages = "733--749",
	year = "1985"
}

@Manual{smtlib1,
  title =        {The SMT-LIB Standard: Version 1.2},
  author =    {Silvio Ranise and Cesare Tinelli},
  year =      2006}

@Manual{smtlib2,
  author =       {Clark Barrett and Aaron Stump and Cesare Tinelli},
  title =        {The {SMT-LIB} Standard: Version 2.0},
  year =         {2012},
}

@inproceedings{srivastava:1994,
	author = {Amitabh Srivastava and Alan Eustace},
	title = {{ATOM}: A system for building customized program analysis tools},
	journal = pldi,
	year = {1994},
	booktitle = pldi,
	pages = {196-205},
	url = {http://portal.acm.org/citation.cfm?id=178243.178260&coll=GUIDE&dl=GUIDE&CFID=32859816&CFTOKEN=48153054}
}

@inproceedings{staniford:2002,
	author = {Stuart Staniford and Vern Paxson and Nicholas Weaver},
	title = {How to 0wn the {Internet} in your spare time},
	year = {2002},
	booktitle = usenixsec,
	added-by = {dbrumley},
	added-at = {Thu May  6 15:20:38 EDT 2004}
}

@inproceedings{staniford:2004,
	author = {Stuart Staniford and David Moore and Vern Paxson and Nicholas Weaver},
	title = {The Top Speed of Flash Worms},
	booktitle = worm,
	month = oct,
	year = 2004
}

@inproceedings{stoica:2001,
	author = {Ion Stoica and Robert Morris and David Karger and 
                  Frans Kaashoek and Hari Balakrishnan},
	title = {{Chord: A Scalable Peer-to-peer Lookup Service for Internet Applications}},
	booktitle = sigcomm,
	year = 2001,
	address = {San Diego, CA, USA},
	month = aug
}

@inproceedings{suh:2004,
	author = "G. Edward Suh and Jaewook Lee and Srinivas Devadas",
	title = "Secure Program Execution via Dynamic Information Flow Tracking",
	booktitle = asplos,
	year = 2004
}

@inproceedings{szor:2001,
	author = {Peter Szor},
	title = {Hunting for Metamorphic},
	booktitle = {Virus Bulletin Conference},
	year = 2001,
	added-by = {dawnsong},
	added-at = {Tue Aug 24 13:04:37 2004}
}

@inproceedings{tucek:2007,
	author = {Joseph Tucek and James Newsome and Shan Lu and Chengdu Huang and Spiros Xanthos and David Brumley and Yuanyuan Zhou and Dawn Song},
	title = {Sweeper: A Lightweight End-to-End System for Defending Against
Fast Worms},
	booktitle = {Proceedings of the {EuroSys} Conference},
	year = {2007}
}

@article{uhlig:1997,
	author = {Richard A Uhlig and Trevor Mudge},
	title = {Trace-driven memory simulation: a survey},
	year = {1997},
	journal = { {ACM} Computing Surveys},
	volume = {29},
	issue = {2}
}

@inproceedings{vanemmerik:2004,
	author = {M. Van Emmerik and T Waddington},
	title = {Using a Decompiler for Real-World Source Recovery},
	booktitle = {Proceedings of 11th Working Conference on Reverse
Engineering},
	year = 2004,
	pages = {27-36}
}

@phdthesis{vanemmerik:2007,
	author = {Michael James Van Emmerik},
	title = {Single Static Assignment for Decompilation},
	school = {The University of Queensland School of Information Technology
and Electrical Engineering},
	year = {2007},
	month = may,
	url = {http://vanemmerikfamily.com/mike/master.pdf}
}

@inproceedings{venkataraman:2008,
	author = {Shobha Venkataraman and Avrim Blum and Dawn Song},
	title = {Limits of Learning-based Signature Generation with Adversaries},
	booktitle = ndss,
	year = {2008},
	month = feb,
	url = {http://www.cs.cmu.edu/~shobha/research/ndss08-cr3-shobha.pdf}
}

@techreport{wagner:1999,
	author = {David Wagner},
	title = {Janus: An Approach for Confinement of Untrusted
Applications},
	institution = {Department of Computer Science, University of California
at Berkeley},
	year = 1999,
	number = {CSD-99-1056},
	month = aug,
	added-by = {avi},
	added-at = {Fri May  7 21:46:00 2004}
}

@inproceedings{wagner:2000,
	author = {David Wagner and Jeffrey Foster and Eric Brewer and
 Alexander Aiken},
	title = {A First Step Towards Automated Detection of Buffer Overrun
 Vulnerabilities},
	year = {2000},
	booktitle = ndss
}

@inproceedings{wagner:2001,
	author = {D. Wagner and D. Dean},
	title = {Intrusion Detection via Static Analysis},
	booktitle = oakland,
	pages = {156--168},
	year = 2001,
	month = may,
	added-by = {avi},
	added-at = {Fri May  7 21:47:00 2004}
}

@inproceedings{wahbe:1993,
	author = {Robert Wahbe and Steven Lucco and Thomas Anderson and Susan
 Graham},
	title = {Efficient Software-Based Fault Isolation},
	booktitle = sosp,
	year = {1993}
}

@inproceedings{wang:2004,
	author = {Helen J Wang and Chuanxiong Guo and Daniel Simon and Alf
 Zugenmaier},
	title = { Shield: Vulnerability-Driven Network Filters for Preventing
 Known Vulnerability Exploits },
	booktitle = sigcomm,
	year = 2004,
	month = aug
}

@inproceedings{wang:2006,
	author = {Xiaofeng Wang and Zhuowei Li and Jun Xu and Michael K. Reiter and
	Chongkyung Kil and Jong Youl Choi},
	title = {Packet Vaccine: Black-box Exploit Detection and Signature Generation},
	booktitle = ccs,
	year = {2006}
}

@inproceedings{wang:2006:anagram,
	author = {Ke Wang and Janak Parekh and Salvatore J. Stolfo},
	title = {Anagram: A Content Anonaly Detector Resistant to Mimicry Attack},
	booktitle = raid,
	year = {2006},
	pages = {226-248},
	month = sep,
	url = {http://www.informatik.uni-trier.de/~ley/db/conf/raid/raid2006.html}
}

@inproceedings{wang:2007,
	author = {Weidong Cui and Marcus Peinado and Helen J Wang and Michael E Locasto},
	title = {ShieldGen: Automatic Data Patch Generation for Unknown Vulnerabilities with Informed Probing},
	booktitle = oakland,
	year = {2007},
	month = {2007}
}

@inproceedings{watson:2003,
	author = {Geoffrey Watson and Colin Fidge},
	title = {A Partial-Correctness Semantics for Modelling Assembler
 Programs},
	year = 2003,
	booktitle = {Proceedings of the First Conference on Software Engineering
 and Formal Methods}
}

@inproceedings{weiser:1981,
	author = {Mark Weiser},
	title = {Program Slicing},
	booktitle = {Proceedings of the Conference on Software Engineering},
	year = {1981},
	pages = {142--151}
}

@article{weiser:1982,
	author = {Mark Weiser},
	year = {1982},
	title = {Programmers use slices when debugging},
	journal = {Communications of the {ACM}},
	optvolume = {25},
	optissue = {7},
	optpages = {446-452}
}

@inproceedings{whaley:2004,
	author = {John Whaley and Monica Lam},
	title = {Cloning-Based Context-Sensitive Pointer Alias Analysis Using
 Binary Decision Diagrams},
	year = 2004,
	booktitle = pldi,
	pages = {131-144}
}

@inproceedings{whaley:2005,
	author = {John Whaley and Dzintars Avots and Michael Carbin and
 Monica S. Lam},
	title = {Using Datalog with Binary Decision Diagrams for Program
 Analysis},
	booktitle = {Proceedings of Programming Languages and Systems: Third
 Asian Symposium ({APLAS})},
	year = {2005},
	volume = {3780},
	month = {nov},
	editor = {Kwangkeun Yi},
	pages = {97-118}
}

@techreport{xie:2002,
	author = "Yichen Xie and Andy Chou",
	title = "Path Sensitive Program Analysis Using Boolean Satisfiability",
	institution = {Stanford},
	year = 2002,
	month = nov
}

@inproceedings{xie:2005,
	author = {Yichen Xie and Alex Aiken},
	title = {Scalable Error Detection Using Boolean Satisfiability},
	booktitle = popl,
	year = {2005}
}

@inproceedings{xu:2005,
	author = {Jun Xu and Peng Ning and Chongkyung Kil and Yan Zhai and
 Chris Bookholt},
	title = {Automatic Diagnosis and Response to Memory Corruption
 Vulnerabilities},
	booktitle = ccs,
	year = {2005}
}

@inproceedings{yang:2006,
	author = {Junfeng Yang and Can Sar and Paul Twohey and Cristian Cadar
and Dawson Engler},
	title = {Automatically generating malicioius disks using symbolic execution},
	booktitle = oakland,
	year = {2006}
}

@inproceedings{yegneswaran:2005,
	timestamp = {Wed Jan 30 21:10:55 2008},
	author = {Vinod Yegneswaran and Jonathon T. Giffin and Paul Barford and Somesh Jha},
	title = {An Architecture for Generating Semantics-Aware Signatures},
	booktitle = usenixsec,
	year = {2005},
	url = {http://pages.cs.wisc.edu/~vinod/nemean.pdf}
}

@inproceedings{yin:2007,
	timestamp = {Mon Feb 25 13:14:33 2008},
	author = {Heng Yin and Dawn Song and Manuel Egele and Christopher
Kruegel and Engin Kirda},
	title = {Panorama: Capturing system-wide information flow for malware
detection and analysis},
	booktitle = ccs,
	year = 2007,
	month = oct
}

@inproceedings{yin:panorama:2007,
	author = {Heng Yin and Dawn Song and Manuel Egele and Christopher
                  Kruegel and Engin Kirda},
	title = {Capturing System-wide Information Flow for Malware Detection
                  and Analysis},
	year = {2007},
	booktitle = ccs
}

@techreport{zhao:2001,
	author = {B.Y. Zhao and K.D. Kubiatowicz and A.D. Joseph},
	title = {{Tapestry: An Infrastructure for Fault-Resilient
                  Wide-Area Location and Routing}},
	institution = {University of California at Berkeley},
	number = "UCB//CSD-01-1141",
	month = apr,
	year = 2001
}

