
@misc{admmutate,
	title = {K2, ADMmutate},
	howpublished = {\url{http://www.ktwo.ca/c/ADMmutate-0.8.4.tar.gz}},
	added-by = {dawnsong},
	added-at = {Fri Nov  5 05:43:52 2004},
	timestamp = {Fri Jan 18 14:14:57 2008}
}

@misc{anonymous,
	author = {Anonymous},
	title = {Entry removed for submission anonymity}
}

@misc{atphttpd,
	author = {Yann Ramin},
	title = {ATPhttpd},
	howpublished = {{\url http://www.redshift.com/$\sim$yramin/atp/atphttpd/}},
	timestamp = {Fri Jan 18 14:15:03 2008}
}

@misc{atphttpdvuln,
	author = {r code},
	title = {Atphttpd Remote Get Request Buffer Overrun Vulnerability},
	howpublished = {\url{http://www.securityfocus.com} Bugtraq ID
	8709},
	timestamp = {Fri Jan 18 14:15:05 2008}
}

@misc{axman,
	author = {H D Moore},
	title = {AXMan},
	howpublished = {\url{http://www.metasploit.com/users/hdm/tools/axman/}},
	timestamp = {Fri Jan 18 14:15:10 2008}
}

@misc{bddbddb,
	author = {John Whaley},
	title = {bddbddb},
	howpublished = {Software available at: \url{bddbddb.sf.net}},
	timestamp = {Fri Jan 18 14:15:16 2008}
}

@misc{bid:19283:2006,
	title = {LibTIFF {\tt TiffFetchShortPair} Remote Buffer Overflow Vulnerability},
	howpublished = {\url{http://www.securityfocus.com/bid/19283}},
	year = {2006},
	timestamp = {Fri Jan 18 14:15:24 2008}
}

@misc{bind,
	author = {Internet Systems Consortium},
	title = {BIND version 8},
	howpublished = {\url{www.isc.org}},
	timestamp = {Fri Jan 18 14:15:25 2008}
}

@misc{bind-exploit,
	author = {{CERT/CC}},
	title = { {ISC} {BIND} 8 contains buffer overflow in transaction
 signature {TSIG} handling code},
	howpublished = {\url{http://www.kb.cert.org/vuls/id/196945}},
	timestamp = {Fri Jan 18 14:15:27 2008}
}

@misc{bitblaze,
	title = {The {BitBlaze} Binary Analysis Project},
	year = {2007},
	howpublished = {\url{http://bitblaze.cs.berkeley.edu}},
	timestamp = {Fri Jan 18 14:15:29 2008}
}

@misc{blaster:2003,
	author = {Symantec},
	title = {Blaster Worm},
	year = {2003},
	howpublished = {\url{http://www.symantec.com/security\_response/writeup.jsp?docid=2003-081113-0229-99}},
	timestamp = {Fri Jan 18 14:15:35 2008}
}

@misc{bugtraq-18920,
	title = {Microsoft {ASP.NET} Application Folder Information Disclosure 
 Vulnerability},
	author = {Urs Elchmann},
	howpublished = {\url{http://www.securityfocus.com} Bugtraq ID 18920},
	timestamp = {Fri Jan 18 14:15:47 2008}
}

@misc{bugtraq-19030,
	title = {Microsoft {WebViewFolderIcon} {ActiveX} Control Buffer Overflow 
 Vulnerability},
	author = {hdm},
	howpublished = {\url{http://www.securityfocus.com} Bugtraq ID 19030},
	timestamp = {Fri Jan 18 14:15:48 2008}
}

@misc{caballero:2008,
	timestamp = {Wed Jan 30 22:19:47 2008},
	author = {Juan Caballero and Zhenkai Liang and Prateek Saxena and Dawn Song and Jiang Zheng },
	title = {Automatic Generation of Protocol-level Vulnerability Signatures for
Network-based Defense against Zero-day Attack},
	booktitle = {concurrently submitted to usenix security},
	howpublished = {concurrent submitted to usenix security}
}

@misc{cerrudo:2005,
	author = {Cesar Cerrudo},
	title = {Story of a dumb patch},
	year = {2005},
	howpublished = {\url{http://argeniss.com/research/MSBugPaper.pdf}},
	timestamp = {Fri Jan 18 14:15:58 2008}
}

@misc{cert:ssh,
	author = {{CERT/CC}},
	title = {CERT Incident Note IN-2001-12},
	year = {2001},
	howpublished = {\url{http://www.cert.org/incident_notes/IN-2001-12.html}},
	timestamp = {Fri Jan 18 14:15:59 2008}
}

@misc{cisco_idsm,
	author = { {CISCO}},
	title = {Cisco Secure Intrusion Detection System Director - String
 Matching Signatures},
	howpublished = {\url{http://www.cisco.com/univercd/cc/td/doc/product/iaabu/csids/csids5/csidscog/sigs.htm#wp1015446}},
	timestamp = {Fri Jan 18 14:16:06 2008}
}

@misc{conversation:2001,
	author = {{CERT/CC}},
	title = {private conversation on new SSH exploits},
	year = {2001},
	timestamp = {Fri Jan 18 14:16:10 2008}
}

@misc{cvclite,
	title = {{CVC} {Lite} Documentation},
	howpublished = {\url{http://www.cs.nyu.edu/acsys/cvcl/doc/}},
	note = {URL checked 7/26/2008},
	url = {http://www.cs.nyu.edu/acsys/cvcl/doc/}
}

@misc{des,
	author = {Fernando Saenz},
	title = {Datalog Educational System ({DES})},
	howpublished = {Software available at: \url{http://www.fdi.ucm.es/professor/fernan/DES}},
	timestamp = {Fri Jan 18 14:16:16 2008}
}

@misc{detristan:clet,
	author = {T. Detristan and T. Ulenspiegel and Y. Malcom and M. Von Underduk},
	title = {Polymorphic 
Shellcode Engine Using Spectrum Analysis},
	howpublished = {\url{http://www.phrack.org/show.php?p=61&a=9}},
	added-by = {dawnsong},
	added-at = {Fri Nov  5 05:42:42 2004},
	timestamp = {Fri Jan 18 14:16:21 2008}
}

@misc{dlv,
	author = {Nicola Leone and Gerald Pfeifer and Wolfgang Faber},
	title = {The DLV Project},
	howpublished = {Software available at: \url{http://www.dbai.tuwien.ac.at/proj/dlv/}},
	timestamp = {Fri Jan 18 14:16:25 2008}
}

@misc{dlvex,
	author = { Francesco Calimeri and Giovambattista Ianni and Susanna
 Cozza},
	title = {DLV-Ex},
	howpublished = {Software available at:
 \url{http://www.mat.unical.it/ianni/wiki/dlvex}},
	timestamp = {Fri Jan 18 14:16:27 2008}
}

@misc{dolphins:2007,
	author = {Robert McMillian},
	title = {Dolphin's Web Site Hacked in Advance of Super Bowl},
	year = {2007},
	month = {February},
	day = {2},
	howpublished = {\url{http://www.infoworld.com/article/07/02/02/HNdolphinssiteshacked_1.html}},
	timestamp = {Fri Jan 18 14:16:29 2008}
}

@misc{donnelly:decompiler,
	title = {The Neliac Decompiler},
	author = {Joel Donnelly and Herman Englander},
	year = {1960},
	note = {Nelivac decompiler project at the U.S. Navy Electronic Lab. Page
check 7/29/2008},
	howpublished = {\url{http://www.itee.uq.edu.au/~csmweb/decompilation/halstead.htm}},
	url = {http://www.itee.uq.edu.au/~csmweb/decompilation/halstead.htm}
}

@misc{dragon_sensor_ids,
	author = {Enterasys},
	title = {Dragon Intrusion detection system},
	howpublished = {\url{http://www.enterasys.com/products/ids/}},
	note = {referenced by http://www.whitehats.com/ids/},
	timestamp = {Fri Jan 18 14:16:30 2008}
}

@misc{dullien:2006,
	timestamp = {Sun Aug 17 19:01:57 2008},
	author = {Thomas Dullien},
	howpublished = {Presentation at the BlackHat Conference},
	year = {2006},
	note = {\url{http://media.blackhat.com/bh-usa-06/video/2006_BlackHat_Vegas-V7-Halvar_Flake-Need_New_Tools.mp4}},
	title = {Need New Tools}
}

@misc{dynamorio,
	title = {On the Run - Building Dynamic Modifiers for Optimization,
Detection, and Security},
	howpublished = {Original {DynamoRIO} announcement via {PLDI} tutorial},
	timestamp = {Fri Jan 18 14:16:32 2008},
	url = {http://www.cag.lcs.mit.edu/dynamorio/},
	month = jun,
	year = {2002}
}

@misc{dyninst,
	title = {Dyninst: An application program interface for runtime code generation},
	author = {Paradyn/Dyninst},
	howpublished = {\url{http://www.dyninst.org}},
	note = {URL checked 9/28/2008}
}

@misc{eeye:ebds,
	author = {{{eEyE} Security}},
	title = {{eEye} Binary Diffing Suite ({EBDS})},
	note = {Version 1.0.5},
	howpublished = {\url{
 http://research.eeye.com/html/tools/RT20060801-1.html}},
	timestamp = {Fri Jan 18 14:16:34 2008}
}

@misc{ethereal,
	title = {Ethereal},
	author = {Ethereal development team},
	howpublished = {\url{www.ethereal.com}},
	timestamp = {Fri Jan 18 14:16:40 2008}
}

@misc{fdarecall:2008,
	title = {Enforcement Report},
	author = {U.S. Food and Drug Administration},
	year = {2008},
	month = may,
	note = {Recall \#Z-1094-2008, \#Z-1095-2008, \#Z-1096-2008, \#Z-1097-2008,
\#Z-1098-2008, \#Z-1099-2008, \#Z-1100-2008, \#Z-1101-2008, \#Z-1132-2008},
	url = {http://www.fda.gov/bbs/topics/ENFORCE/2008/ENF01058.html}
}

@misc{ftpd_vuln,
	title = {J-065: Wu-ftpd vulnerability},
	author = {CIAC},
	howpublished = {\url{http://www.ciac.org/ciac/bulletins/j-065.shtml}},
	year = {1999},
	timestamp = {Fri Jan 18 14:16:45 2008}
}

@misc{ghttpdvuln,
	title = {ghttpd Log() function buffer overflow vulnerability},
	author = {\url{pyramid-rp\@hushmail.com}},
	howpublished = {\url{http://www.securityfocus.com} Bugtraq ID 5960},
	timestamp = {Fri Jan 18 14:16:48 2008}
}

@misc{graphviz:dot,
	title = {The {DOT} Language},
	howpublished = {\url{http://www.graphviz.org/doc/info/lang.html}},
	note = {URL checked 7/26/2008},
	url = {http://www.graphviz.org/doc/info/lang.html}
}

@misc{hansen:2006,
	author = {Jaco Gorm Hansen},
	title = {EDelta Binary Differencing Program},
	year = {2006},
	howpublished = {\url{http://www.diku.dk/~jacobg/edelta/}},
	timestamp = {Fri Jan 18 14:16:53 2008}
}

@misc{hospital:2006,
	title = {California Man Pleads Guilty in "Botnet" Attack That Impacted Seattle Hospital and Defense Department},
	author = {Emily Langlie, for U.S. Dept. of Justice, Western District of Washington},
	howpublished = {\url{http://www.usdoj.gov/criminal/cybercrime/maxwellPlea.htm}},
	month = may,
	year = {2006},
	url = {http://www.usdoj.gov/criminal/cybercrime/maxwellPlea.htm}
}

@misc{howard:2002,
	author = {Michael Howard},
	title = {Some Bad News and Some Good News},
	year = {2002},
	howpublished = {\url{http://msdn2.microsoft.com/en-us/library/ms972826.aspx}},
	Timestamp = {Fri Jan 18 14:17:04 2008}
}

@misc{http-protocol,
	author = {R. Fielding and J. Mogul and H. Frystyk and L. Masinter and
 T. Berners-Lee},
	title = {RFC 2616 - Hyper Text Protocol -- {HTTP}/1.1},
	howpublished = {\url{http://www.w3.org/Protocols/rfc2616/rfc2616.html}},
	timestamp = {Fri Jan 18 14:17:06 2008}
}

@misc{ida-exploit,
	author = "{eEye Digital Security}",
	title = "Advisory {AD20010618}",
	howpublished = "http://www.eeye.com/html/Research/Advisories/AD20010618.html",
	timestamp = {Fri Jan 18 14:17:09 2008}
}

@misc{idapro,
	author = {DataRescue},
	title = {{IDA} {Pro}},
	howpublished = {\url{http://www.datarescue.com}},
	note = {URL checked 7/31/2008},
	timestamp = {Fri Jan 18 14:17:11 2008}
}

@misc{igmp:exploit,
	author = {Firestorm},
	title = {MS06-007 Denial of Service {POC} Exploit},
	year = {2007},
	howpublished = {\url{http://downloads.securityfocus.com/vulnerabilities/exploits/MS_IGMP_DOS.c}},
	timestamp = {Fri Jan 18 14:17:12 2008}
}

@misc{igmpex,
	author = {Alan Crosswell},
	title = {IGMP v3 tcpdump trace},
	howpublished = {\url{http://www.columbia.edu/~alan/igmp/ex1b/}},
	timestamp = {Fri Jan 18 14:17:13 2008}
}

@misc{iwconfig-vuln,
	author = {Hekuran Doli},
	title = {iwconfig vulnerability (wireless tools v.26)},
	year = {2003},
	howpublished = {\url{http://cve.mitre.org/cgi-bin/cvename.cgi?name=CVE-2003-0947}},
	timestamp = {Fri Jan 18 14:17:15 2008}
}

@misc{libformat:2001,
	author = {Tim J Robbins},
	title = {libformat},
	year = {2001},
	howpublished = {\url{http://www.securityfocus.com/tools/1818}},
	timestamp = {Fri Jan 18 14:17:25 2008}
}

@misc{lion-bind,
	author = {{US-CERT}},
	title = {Vulnerability Note VU\#196945 - ISC BIND 8 contains buffer overflow in transaction signature (TSIG) handling code},
	howpublished = {\url{http://www.kb.cert.org/vuls/id/196945}},
	timestamp = {Fri Jan 18 14:17:26 2008}
}

@misc{medeiros:2007,
	timestamp = {Sun Feb 24 18:08:00 2008},
	title = {Automated Expoit Development: The future of exploitation is here},
	author = {Jason Medeiros},
	howpublished = {\url{http://toorcon.org/2007/talks/19/toorcon_whitepaper.pdf}},
	year = {2007},
	url = {http://toorcon.org/2007/talks/19/toorcon_whitepaper.pdf}
}

@misc{metasploit,
	title = {Metasploit},
	howpublished = {\url{http://metasploit.org}},
	timestamp = {Fri Jan 18 14:17:30 2008}
}

@misc{misc:bfd,
	author = {{GNU} Software Foundation},
	title = {{LIB BFD}, The Binary File Descriptor Library},
	howpublished = {\url{http://www.gnu.org/software/binutils/manual/bfd-2.9.1/bfd.html}},
	timestamp = {Fri Jan 18 14:17:35 2008}
}

@misc{misc:tinyelf,
	author = {Brian Raiter},
	title = {A Whirlwind Tutorial on Creating Really Teensy ELF
 Executables for Linux},
	howpublished = {\url{http://www.muppetlabs.com/~breadbox/software/tiny/teensy.html}},
	timestamp = {Fri Jan 18 14:17:36 2008}
}

@misc{misc:tisELF,
	author = { {TIS} Committee},
	title = {Tool Interface Standard ({TIS}) Executable and Linking
 Format ({ELF}) Specification},
	howpublished = {\url{ftp://tsx.mit.edu/pub/linux/packages/GCC/ELF.doc.tar.gz}},
	year = {1995},
	timestamp = {Fri Jan 18 14:17:37 2008}
}

@misc{mobb,
	title = {Month of Browser Bugs website},
	howpublished = {\url{http://browserfun.blogspot.com}},
	optmonth = {July},
	year = {2006},
	timestamp = {Fri Jan 18 14:17:38 2008}
}

@misc{ms06-033,
	title = {Vulnerability in ASP.NET Could Allow Information Disclosure},
	author = {Microsoft TechNet},
	howpublished = {\url{http://www.microsoft.com/technet/security/Bulletin} Bulletin MS06-033},
	timestamp = {Fri Jan 18 14:17:41 2008}
}

@misc{ms06-057,
	title = {Vulnerability in Windows Explorer Could Allow Remote Execution},
	author = {Microsoft TechNet},
	howpublished = {\url{http://www.microsoft.com/technet/security/Bulletin} Bulletin MS06-057},
	timestamp = {Fri Jan 18 14:17:43 2008}
}

@misc{navchina:2007,
	author = {Lu EnJie},
	title = {Norton AntiVirus software detects a new 'virus': Microsoft
                  Windows - and disables it},
	year = {2007},
	month = {May},
	howpublished = {\url{http://texyt.com/Norton+Anti-virus+disables+thousands+of+PCs+in+China+00089}},
	timestamp = {Fri Jan 18 14:17:45 2008}
}

@misc{navyahoo:2007,
	author = {Joris Evers},
	title = {Symantec incorrectly flags Yahoo Mail as a virus},
	year = {2007},
	month = {Feb},
	howpublished = {\url{http://news.zdnet.com/2100-1009_22-6163068.html}},
	timestamp = {Fri Jan 18 14:17:46 2008}
}

@misc{nbar,
	author = "Cisco Systems",
	title = "Network-based application recognition",
	howpublished = {\url{http://www.cisco.com/univercd/cc/td/doc/product/software/ios122/122newft/122t/122t8/dtnbarad.htm}},
	timestamp = {Fri Jan 18 14:17:47 2008}
}

@misc{nessus,
	title = {Nessus},
	author = {Renaud Deraison},
	year = {2004},
	howpublished = {\url{www.nessus.org}},
	timestamp = {Fri Jan 18 14:17:49 2008}
}

@misc{nfr_ids,
	author = {NFR},
	title = {Network Flight Recorder intrusion detection system},
	howpublished = {\url{http://www.nfr.com}},
	timestamp = {Fri Jan 18 14:17:55 2008}
}

@misc{osshare:2007,
	title = {Total Market Share (Operating Systems)},
	author = {Net Applications},
	howpublished = {\url{http://marketshare.hitslink.com/report.aspx?qprid=8}},
	note = {Statistics compiled monthly. URL checked 7/13/2008.},
	url = {http://marketshare.hitslink.com/report.aspx?qprid=8}
}

@misc{pakemon_ids,
	author = {Keiji Takeda},
	title = {Pakemon Intrusion Detection system},
	howpublished = {\url{http://www.inas.mag.keio.ac.jp/ids/pakemon/index.html}},
	note = {referenced by http://www.whitehats.com/ids/},
	timestamp = {Fri Jan 18 14:17:56 2008}
}

@misc{passlogdvuln,
	title = {Passlog Daemon sl\_parse Remote Buffer Overflow
 Vulnerability},
	author = {dong-h0un U},
	howpublished = {\url{http://www.securityfocus.com} Bugtraq ID 7261},
	timestamp = {Fri Jan 18 14:17:58 2008}
}

@misc{perl,
	title = {Perl Security Manual Page},
	howpublished = {\url{http://www.perldoc.com}},
	added-by = {dawnsong},
	added-at = {Mon Aug 23 15:14:26 2004},
	timestamp = {Fri Jan 18 14:18:04 2008}
}

@misc{phoenix,
	author = {Microsoft},
	title = {Phoenix Framework},
	howpublished = {\url{http://research.microsoft.com/phoenix/}},
	note = {URL checked 7/31/2008},
	timestamp = {Fri Jan 18 14:18:05 2008}
}

@misc{phoenix:noflags,
	title = {Phoenix Project Architect Posting},
	author = {Microsoft},
	howpublished = {\url{http://forums.msdn.microsoft.com/en-US/phoenix/thread/90f5212c-f05a-4aea-9a8f-a5840a6d101d}},
	month = jul,
	year = 2008,
	note = {URL checked 7/31/2008.}
}

@misc{protas:2006,
	author = {Andres Protas and Steve Manzuik},
	title = {Skeletons in Microsoft's Closet},
	howpublished = {BlackHat Europe 2006:
                  \url{http://www.blackhat.com/presentations/bh-europe-06/bh-eu-06-Manzuik.pdf}},
	timestamp = {Fri Jan 18 14:18:08 2008}
}

@misc{roskind,
	author = {Jim Roskind},
	title = {Attacks Against the Netscape Browser plus Security Response
 Philosophy and Methods},
	howpublished = {Private communication and seminar talk},
	timestamp = {Fri Jan 18 14:18:13 2008}
}

@misc{sabre:bindiff,
	author = {{Sabre Security}},
	title = {BinDiff},
	howpublished = {\url{http://www.sabre-security.com/products/bindiff.html}},
	timestamp = {Fri Jan 18 14:18:14 2008}
}

@misc{samba-vuln,
	author = {Jason Rafail},
	title = {Samba contains buffer overflow in SMB/CIFS packet fragment reassembly code},
	year = {2003},
	howpublished = {\url{http://www.kb.cert.org/vuls/id/298233}},
	timestamp = {Fri Jan 18 14:18:16 2008}
}

@misc{samba:reverse,
	timestamp = {Thu Aug 21 21:30:42 2008},
	title = {How Samba was Written},
	author = {Andrew Tridgell},
	month = aug,
	year = {2003},
	howpublished = {\url{http://www.samba.org/ftp/tridge/misc/french_cafe.txt}},
	note = {URL checked on 8/21/2008}
}

@misc{setslice:2006,
	author = {Ryan Naraine},
	title = {Crime Rings Target {IE} 'SetSlice' flaw},
	year = {2006},
	howpublished = {\url{http://www.eweek.com/article2/0%2C1759%2C2022805%2C00.asp}},
	timestamp = {Fri Jan 18 14:18:19 2008}
}

@misc{setslice:mnin:2006,
	author = {{Secure Science Corporation}},
	title = {Analysis of the {WebViewFolderIcon} {ActiveX} Integer Overflow
                  ({setSlice})},
	year = {2006},
	howpublished = {\url{http://www.mnin.org}},
	timestamp = {Fri Jan 18 14:18:20 2008}
}

@misc{shoki_ids,
	author = {Stephen P Berry},
	title = {Shoki Intrusion Detection System},
	howpublished = {\url{shoki.sf.net}},
	timestamp = {Fri Jan 18 14:18:22 2008}
}

@misc{signature-categories,
	title = "{Signature Categories}",
	note = {\sloppy{\footnotesize\tt http://www.nfr.com/newsletter/SignatureCategories.htm}},
	author = "NFR",
	timestamp = {Fri Jan 18 14:18:25 2008}
}

@misc{slammer:2003,
	author = {Symantec},
	title = {W32.SQLExp.Worm (Slammer Worm)},
	year = {2003},
	howpublished = {\url{http://www.symantec.com/security\_response/writeup.jsp?docid=2003-012502-3306-99}},
	timestamp = {Fri Jan 18 14:18:28 2008}
}

@misc{slammercost,
	title = {Counting the cost of the Slammer worm},
	howpublished = {\url{http://news.com.com/2100-1001-982955.html}},
	year = {2003},
	author = {Robert Lemos},
	timestamp = {Fri Jan 18 14:18:29 2008}
}

@misc{snort,
	author = "The Snort Project",
	title = "Snort, the open-source network intrusion detection system",
	howpublished = "http://www.snort.org/",
	timestamp = {Fri Jan 18 14:18:30 2008}
}

@misc{stp,
	author = {Vijay Ganesh and David Dill},
	title = {{STP}: A Decision Procedure for Bitvectors and Arrays},
	howpublished = {\url{http://theory.stanford.edu/~vganesh/stp}},
	timestamp = {Fri Jan 18 14:18:33 2008}
}

@misc{suif,
	title = {The {SUIF} 2 Compiler System},
	howpublished = {\url{http://suif.stanford.edu/suif/suif2/index.html}},
	note = {URL checked 7/27/2008}
}

@misc{superbowl:2007,
	timestamp = {Mon Jan 28 12:01:56 2008},
	title = {Super Bowl Dolphins Stadium Site Hacked, Spreading Malware},
	author = {Jason Chen},
	howpublished = {\url{http://gizmodo.com/gadgets/software/super-bowl-dolphins-stadium-site-hacked-spreading-malware-233647.php}},
	month = feb,
	year = {2007},
	url = {http://gizmodo.com/gadgets/software/super-bowl-dolphins-stadium-site-hacked-spreading-malware-233647.php}
}

@misc{symantec360,
	timestamp = {Mon Jan 28 12:04:35 2008},
	title = {Symantec's Norton 360 version 2.0 Beta to Include Browser Protection, Norton Identity Safe, and More},
	author = {Symantec Press Release},
	howpublished = {\url{http://www.symantec.com/about/news/resources/press_kits/detail.jsp?pkid=n360_2_0_beta}},
	month = jan,
	year = {2008},
	url = {http://www.symantec.com/about/news/resources/press_kits/detail.jsp?pkid=n360_2_0_beta}
}

@misc{temu,
	title = {{TEMU}},
	howpublished = {\url{http://bitblaze.cs.berkeley.edu/temu.html}},
	note = {URL checked 7/27/2008}
}

@misc{tsig-protocol,
	author = {Paul Vixie and O. Gudmundsson and D. Eastlake and B
 Wellington},
	title = {{RFC} 2845: Secret Key Transaction Authentication for DNS ({TSIG})},
	howpublished = {\url{http://www.ietf.org/rfc/rfc2845.txt}},
	timestamp = {Fri Jan 18 14:18:35 2008}
}

@misc{compiler-removed,
 author = {Mitre Corporation},
 title = {{CWE-14}: Compiler Removal of Code to Clear Buffers},
 howpublished = {\url{http://cwe.mitre.org/data/definitions/14.html}},
 note = {URL checked 1/26/2009}
}

@misc{njtimebomb,
 author = {{United States Department of Justice Press Release}},
 title = {Former Computer Network Administrator at New Jersey High-Tech Firm Sentenced to 41 Months for Unleashing \$10 Million Computer ``Time Bomb''},
 howpublished = {\url{http://www.usdoj.gov/criminal/cybercrime/lloydSent.htm}}
}

@misc{catimebomb,
 author = {{United States Department of Justice Press Release}},
 title = {Former Technology Manager Sentenced To A Year In Prison For Computer Hacking Offense},
 howpublished = {\url{http://www.usdoj.gov/criminal/cybercrime/sheaSent.htm}}
}

@misc{nctimebomb,
 author = {{United States Department of Justice Press Release}},
 title = {Former Lance, Inc. Employee Sentenced to 24 Months and Ordered to Pay \$194,609 Restitution in Computer Fraud Case},
 howpublished = {\url{http://www.usdoj.gov/criminal/cybercrime/SullivanSent.htm}}
}
@misc{stawin,
 author = {Kevin Ha},
 title = {{Keylogger.Stawin}},
 howpublished =
 {http://www.symantec.com/security\_response/writeup.jsp? docid=2004-012915-2315-99}
}

@misc{w97mopeyc,
 author = {McAfee},
 title = {{W97M/Opey.C}},
 howpublished =
 {\url{ttp://vil.nai.com/vil/content/v_10290.htm}}
}

@misc{xeram,
 author = {Symantec},
 title = {{Xeram.1664}},
 howpublished =
 {http://www.symantec.com/security\_response/ writeup.jsp?docid=2000-121913-2839-99}
}

@misc{insidefannie,
 author = {Freeman Klopott},
 title = {Ex-Fannie Mae worker charged with planting computer virus},
 month = {Jan},
 year = {2009},
 howpublished={\url{http://www.dcexaminer.com/local/012909-Ex-Fannie\_Mae\_worker\_charged\_with\_planting\_computer\_virus.html}},
 note = {URL checked 1/30/2009}
}

@misc{zgrviewer,
 title = {ZGRViewer},
 howpublished = {\url{http://zvtm.sourceforge.net/zgrviewer.html}},
 note = {URL Checked 3/6/09}
}